!Type:Tag
NB
^
Nfs
Dfood stamp
^
NReimbursable
^
Nsummer 2024
Dfamily shared exp
^
NTax Related
^
NVacation
^
NWA DOR
DWA Sales Tax
^
!Type:Cat
NBonus
DBonus Income
T
R460
I
^
NEmployer Benefit
DEmployer Benefit
T
R460
I
^
NEmployer Benefit:Dental
DDental Plan Employer Benefit
T
R460
I
^
NEmployer Benefit:Medical
DMedical Plan Employer Benefit
B-93.92
B-93.92
B-93.92
B-93.92
B-93.92
B-93.92
B-93.92
B-93.92
B-93.92
B-93.92
B-93.92
B-93.92
T
R460
I
^
NEmployer Benefit:Vision
DVision Plan Employer Benefit
T
R460
I
^
NNet Salary
DNet Salary Income
I
^
NOther Income
T
R257
I
^
NOther Income:Bank Dividend
T
R257
I
^
NOther Income:Bree's Income
T
R257
I
^
NOther Income:Cash
I
^
NOther Income:Child Support Received
I
^
NOther Income:Federal Tax Refund
I
^
NOther Income:Food Stamp Income
T
R257
I
^
NOther Income:Gifts Received
I
^
NOther Income:Job Expense Reimbursement
DReimbursement for Job-Related Expenses
T
R257
I
^
NOther Income:Kiale's Income
I
^
NOther Income:Lotteries
T
R259
I
^
NOther Income:Refund
I
^
NOther Income:Rent
T
R257
I
^
NOther Income:Shalon's Income
T
R257
I
^
NOther Income:State & Local Tax Refund
T
R260
I
^
NOther Income:Unemployment Compensation
T
R479
I
^
NProfit Sharing
DProfit Sharing Income
T
R460
I
^
NRetirement Income
T
I
^
NRetirement Income:IRA Distributions
T
R478
I
^
NRetirement Income:Pensions & Annuities
T
R476
I
^
NRetirement Income:Social Security Benefits
T
R266
I
^
NSalary
DSalary Income
T
R460
I
^
NSalary:Holiday
DPaid Holiday
T
R460
I
^
NSalary:Sick Pay
DPaid Sick Days
T
R460
I
^
NSalary:Vacation
DPaid Vacation
T
R460
I
^
NWages & Salary
T
R460
I
^
NWages & Salary:Bonus
T
R460
I
^
NWages & Salary:Commission
T
R460
I
^
NWages & Salary:Employer Matching
I
^
NWages & Salary:Gross Pay
B4,115.38
B4,115.38
B4,115.38
B4,115.38
B4,115.38
B4,115.38
B4,115.38
B4,115.38
B4,115.38
B4,115.38
B4,115.38
B4,115.38
T
R460
I
^
NWages & Salary:Net Pay
I
^
NWages & Salary:Overtime
T
R460
I
^
N_401Contrib
D401k Contribution
T
R460
I
^
N_401ContribSpouse
D401k Spouse Contribution
T
R506
I
^
N_401EmployerContrib
D401k Employer contribution
I
^
N_401EmployerContribSpouse
D401k Spouse Employer contribution
I
^
N_401Withdrawal
D401k Withdrawal
T
I
^
N_401WithdrawalSpouse
D401k Spouse Withdrawal
T
I
^
N_DepCareContrib
DDependent Care Contribution
T
R460
I
^
N_DivInc
DDividend
T
R286
I
^
N_DivIncTaxFree
DTax-Free Dividend
T
R487
I
^
N_EmpStkOptInc
DEmployee Stock Option Inc
T
R460
I
^
N_EmpStkOptIncSpouse
DEmployee Stock Option Inc for Spouse
T
R506
I
^
N_ESPP Self Income
DESPP Self Income
T
R460
I
^
N_ESPP Spouse Income
DESPP Spouse Income
T
R506
I
^
N_FlexContrib
DFlexible Account Contribution
T
R460
I
^
N_IntInc
DInvestment Interest Income
T
R287
I
^
N_IntIncTaxFree
DTax-Free Inv Interest Inc
T
R489
I
^
N_LT CapGnDst
DLong Term Cap Gain Dist
T
R488
I
^
N_MT CapGnDst
DMid Term Cap Gain Dist
T
R488
I
^
N_RlzdGain
DRealized Gain/Loss
T
I
^
N_ST CapGnDst
DShort Term Cap Gain Dist
T
R286
I
^
N_UnrlzdGain
DUnrealized Gain/Loss
I
^
NACCT_e5
E
^
NAsset Revaluation
E
^
NAutomobile
E
^
NAutomobile:Accessories
E
^
NAutomobile:Gasoline
B-160.00
B-160.00
B-160.00
B-160.00
B-160.00
B-160.00
B-160.00
B-160.00
B-160.00
B-160.00
B-160.00
B-160.00
E
^
NAutomobile:Maintance
E
^
NAutomobile:Other
E
^
NAutomobile:Parts
E
^
NBank Charges
E
^
NBank Charges:Interest Paid
E
^
NBank Charges:Late Charge
E
^
NBank Charges:Service Charge
E
^
NBills
E
^
NBills:Cable Television
B-95.00
B-95.00
B-95.00
B-95.00
B-95.00
B-95.00
B-95.00
B-95.00
B-95.00
B-95.00
B-95.00
B-95.00
E
^
NBills:Cellular Phone
E
^
NBills:Debt
E
^
NBills:Electricity
B-50.00
B-50.00
B-50.00
B-50.00
B-50.00
B-50.00
B-50.00
B-50.00
B-50.00
B-50.00
B-50.00
B-50.00
E
^
NBills:Garbage & Recycle
B-23.00
B-23.00
B-23.00
B-23.00
B-23.00
B-23.00
B-23.00
B-23.00
B-23.00
B-23.00
B-23.00
B-23.00
E
^
NBills:Government Fees
E
^
NBills:Heating Oil
E
^
NBills:Homeowner's Dues
E
^
NBills:Natural Gas
E
^
NBills:Online Services
B-60.00
B-60.00
B-60.00
B-60.00
B-60.00
B-60.00
B-60.00
B-60.00
B-60.00
B-60.00
B-60.00
B-60.00
E
^
NBills:Pager Service
E
^
NBills:Rent
E
^
NBills:Telephone
E
^
NBills:Water & Sewer
B-95.00
B-95.00
B-95.00
B-95.00
B-95.00
B-95.00
B-95.00
B-95.00
B-95.00
B-95.00
B-95.00
B-95.00
E
^
NBills:Wood Fuel
DWood Firelogs/Pellets
E
^
NCash Withdrawal
E
^
NCash Withdrawal:Cash Balance Adjustment
E
^
NCharitable Donations
T
R280
E
^
NChildcare
T
R401
E
^
NChildcare:Chelsea
E
^
NChildcare:Chelsea & Hailey
E
^
NChildcare:Daycare
T
R401
E
^
NChildcare:Hailey
E
^
NChildcare:Iven
T
R401
E
^
NCigarettes
E
^
NClothing
E
^
NClothing:Bree
E
^
NClothing:Chelsea
E
^
NClothing:Chelsea & Hailey
E
^
NClothing:Hailey
E
^
NClothing:Iven
E
^
NClothing:Jonas
E
^
NClothing:Kiale
E
^
NClothing:Oren
E
^
NClothing:Shalon
E
^
NEducation
E
^
NEducation:Books
E
^
NEducation:Fees
E
^
NEducation:Tuition
E
^
NFood
E
^
NFood:Dining Out
B-50.00
B-50.00
B-50.00
B-50.00
B-50.00
B-50.00
B-50.00
B-50.00
B-50.00
B-50.00
B-50.00
B-50.00
E
^
NFood:Dining Out:Convenience
E
^
NFood:Groceries
B-1,008.00
B-1,008.00
B-1,008.00
B-1,008.00
B-1,008.00
B-1,008.00
B-1,008.00
B-1,008.00
B-1,008.00
B-1,008.00
B-1,008.00
B-1,008.00
E
^
NFood:Groceries:Alcohol
E
^
NGifts
E
^
NGifts:Anniversery
E
^
NGifts:Birthday
E
^
NGifts:Bree
E
^
NGifts:Christmas
E
^
NGifts:Easter
E
^
NGifts:Father's Day
E
^
NGifts:Graduation
E
^
NGifts:Misc.
E
^
NGifts:Mom's Expenses
E
^
NGifts:Mother's Day
E
^
NGifts:Shalon
E
^
NGifts:Valentine
E
^
NHealthcare
T
R484
E
^
NHealthcare:Dental
T
R484
E
^
NHealthcare:Eyecare
T
R484
E
^
NHealthcare:Hospital
T
R484
E
^
NHealthcare:Physician
B-30.00
B-30.00
B-30.00
B-30.00
B-30.00
B-30.00
B-30.00
B-30.00
B-30.00
B-30.00
B-30.00
B-30.00
T
R484
E
^
NHealthcare:Prescriptions
B-13.00
B-13.00
B-13.00
B-13.00
B-13.00
B-13.00
B-13.00
B-13.00
B-13.00
B-13.00
B-13.00
B-13.00
T
R273
E
^
NHealthcare:Prescriptions:CBD
T
R273
E
^
NHealthcare:Prescriptions:Prescriptions - Bree
T
R273
E
^
NHome Improvement
E
^
NHome Improvement:Appliances
E
^
NHome Improvement:Contractor
E
^
NHome Improvement:Landscape & Gardening
E
^
NHome Improvement:Materials
E
^
NHome Improvement:Other
E
^
NHome Improvement:Tools
E
^
NHomeowner's Fees
DHomeowner's Fees
E
^
NHousehold
E
^
NHousehold:Furnishings
E
^
NHousehold:Home Decor
E
^
NHousehold:Home Supplies
E
^
NHousehold:Kitchen Supplies
E
^
NHousehold:Non-Food Grocery
E
^
NHousehold:Office Supplies
E
^
NHousing
DHousing
E
^
NInsurance
E
^
NInsurance:Auto
B-61.00
B-61.00
B-61.00
B-61.00
B-61.00
B-61.00
B-61.00
B-61.00
B-61.00
B-61.00
B-61.00
B-61.00
E
^
NInsurance:Health
T
R484
E
^
NInsurance:Homeowner's & Renter's
B-56.83
B-56.83
B-56.83
B-56.83
B-56.83
B-56.83
B-56.83
B-56.83
B-56.83
B-56.83
B-56.83
B-56.83
E
^
NInsurance:Life
E
^
NInsurance:Mortgage Insurance
B-50.28
B-50.28
B-50.28
B-50.28
B-50.28
B-50.28
B-50.28
B-50.28
B-50.28
B-50.28
B-50.28
B-50.28
E
^
NIRA Contrib
DIRA Contribution
T
R262
E
^
NJob Expense
E
^
NJob Expense:Non-Reimbursed
T
R486
E
^
NJob Expense:Reimbursed
E
^
NLeisure
E
^
NLeisure:Books & Magazines
E
^
NLeisure:Craft
E
^
NLeisure:Cultural Events
E
^
NLeisure:Entertaining
E
^
NLeisure:Film
E
^
NLeisure:Hobby
E
^
NLeisure:Kitchen Education
E
^
NLeisure:Movie Purchase
E
^
NLeisure:Movies & Video Rentals
E
^
NLeisure:Music Purchase
E
^
NLeisure:Recreation
DRecreation Expense
E
^
NLeisure:Sporting Events
E
^
NLeisure:Sporting Goods
E
^
NLeisure:Subscriptions
DSubscriptions
E
^
NLeisure:Tapes & CDs
E
^
NLeisure:Toys & Games
E
^
NLoan
E
^
NLoan:1095 PLATINUM VISA Interest
E
^
NLoan:3375 WF Reflect Interest
E
^
NLoan:4161 MyLowes Interest
E
^
NLoan:9550 CAP ONE QS Interest
E
^
NLoan:9758 SavorOne Interest
E
^
NLoan:Amazon Store Card Interest
E
^
NLoan:Amazon Visa Interest
E
^
NLoan:American Express Interest
E
^
NLoan:American General Interest
E
^
NLoan:Capital One Interest
E
^
NLoan:Caviler Interest
E
^
NLoan:Dodge 1500 Interest
E
^
NLoan:Dodge Durango Interest
E
^
NLoan:FMCU Interest
E
^
NLoan:GMC Envoy Interest
E
^
NLoan:Healthfirst Financial Interest
E
^
NLoan:Interest Exp
DInterest Expense
E
^
NLoan:K-1500 Interest
E
^
NLoan:OneMain Financial 2 Interest
E
^
NLoan:OneMain Financial 3 Interest
E
^
NLoan:OneMain Financial Interest
E
^
NLoan:Sonoma Interest
E
^
NLoan:STHCUU Interest
E
^
NLoan:STL
E
^
NLoan:Stratus Interest
E
^
NLoan:Wells Fargo Home Mortgage Interest
B-545.00
B-545.00
B-545.00
B-545.00
B-545.00
B-545.00
B-545.00
B-545.00
B-545.00
B-545.00
B-545.00
B-545.00
E
^
NLoan Payment
DLoan Payment
E
^
NLoan Payment:Interest
DLoan Interest
T
E
^
NLoan Payment:Principal
DLoan Principal
E
^
NMiscellaneous
E
^
NMortgage Interest Exp
DMortgage Interest Expense
T
R283
E
^
NMortgage Interest Exp:Bank
DMortgage Interest - Bank
T
R283
E
^
NMortgage Interest Exp:Individual
DMortgage Interest - Individual
T
R545
E
^
NMortgage Payment
DMortgage Payment
E
^
NPersonal Care
E
^
NPet Care
E
^
NPet Care:Food
E
^
NPet Care:Supplies
E
^
NPet Care:Veterinarian
E
^
NTax
DTaxes
T
E
^
NTax:Fed
DFederal Tax
T
R461
E
^
NTax:Medicare
DMedicare Tax
T
R480
E
^
NTax:Other
DLocal or other taxes.
T
E
^
NTax:Property
DProperty Tax
T
R276
E
^
NTax:SDI
DState Disability Insurance
T
R463
E
^
NTax:Soc Sec
DSocial Security Tax
T
R462
E
^
NTax:State
DState Tax
T
R464
E
^
NTaxes
DTaxes
T
E
^
NTaxes:Federal Income Tax
DFederal Tax
B-348.00
B-348.00
B-348.00
B-348.00
B-348.00
B-348.00
B-348.00
B-348.00
B-348.00
B-348.00
B-348.00
B-348.00
T
R461
E
^
NTaxes:Federal Income Tax-Previous year
T
R461
E
^
NTaxes:Medicare
DMedicare Tax
B-59.00
B-59.00
B-59.00
B-59.00
B-59.00
B-59.00
B-59.00
B-59.00
B-59.00
B-59.00
B-59.00
B-59.00
T
R480
E
^
NTaxes:Other
DMisc. Taxes
T
E
^
NTaxes:Other:WA DOR Sales Tax
DWashington State Sales Tax
E
^
NTaxes:Property
DProperty Tax
B-152.00
B-152.00
B-152.00
B-152.00
B-152.00
B-152.00
B-152.00
B-152.00
B-152.00
B-152.00
B-152.00
B-152.00
T
R276
E
^
NTaxes:SDI
DState Disability Insurance
T
R463
E
^
NTaxes:Soc Sec
DSoc Sec Tax
B-251.00
B-251.00
B-251.00
B-251.00
B-251.00
B-251.00
B-251.00
B-251.00
B-251.00
B-251.00
B-251.00
B-251.00
T
R462
E
^
NTaxes:State
DState Tax
B-216.00
B-216.00
B-216.00
B-216.00
B-216.00
B-216.00
B-216.00
B-216.00
B-216.00
B-216.00
B-216.00
B-216.00
T
R464
E
^
NTaxes:State-Previous year
E
^
NTaxes:Workers Benefit
DORWCWEES
B-3.00
B-3.00
B-3.00
B-3.00
B-3.00
B-3.00
B-3.00
B-3.00
B-3.00
B-3.00
B-3.00
B-3.00
T
E
^
NTech
DTechnology
E
^
NTech:Hobby
E
^
NTech:Hobby:Books
E
^
NTech:Hobby:Capital
E
^
NTech:Hobby:Supplies
E
^
NTech:Hobby:Tools
E
^
NTech:IT
E
^
NTech:IT:Equipment
E
^
NTech:IT:Materials
E
^
NTech:IT:software
Dsoftware
E
^
NTech:IT:Tools
E
^
NTech:Office
E
^
NTech:Office:Books
E
^
NTech:Office:Capital
E
^
NTech:Office:Supplies
E
^
NUtilities
DUtilities
E
^
NVacation
E
^
NVacation:Fees
E
^
NVacation:Lodging
E
^
NVacation:Travel
E
^
N_401FedWithheld
D401k Federal Tax Withheld
T
E
^
N_401FedWithheldSpouse
D401k Spouse Federal Tax Withheld
T
E
^
N_401StateWithheld
D401k State Tax Withheld
T
E
^
N_401StateWithheldSpouse
D401k Spouse State Tax Withheld
T
E
^
N_401WithdrawalPenalty
D401k Early Withdrawal Penalty
T
E
^
N_401WithdrawalPenaltySpouse
D401k Spouse Early Withdrawal Penalty
T
E
^
N_Accrued Int
DAccrued Interest
T
R287
E
^
N_IntExp
DInvestment Interest Expenses
T
R426
E
^
!Option:AutoSwitch
!Account
N6764 STHCCU Checking
TBank
^
N<c>9720 MN Paycard
TBank
^
N<c>Bree Checking
TBank
^
N<c>Bree US Bank
TBank
^
N<C>Fred Meyer Credit Union
TBank
DChecking Account
^
N<C>On Point Credit Union
TBank
^
N<C>Savings FMCU
TBank
DSavings
^
N<C>US Bank
TBank
^
NChase
TBank
^
NSTHCCU Savings
TBank
^
NT-Checking (for WA DOR)
TBank
^
N1095 PLATINUM VISA
TCCard
L400.00
^
N3375 WF REFLECT
TCCard
L4,500.00
^
N4161 MyLowes
TCCard
L3,950.00
^
N7056 Chase Amazon
TCCard
L5,000.00
^
N9433 Lowes PRO
TCCard
L1,000.00
^
N9550 CAP ONE QS
TCCard
L3,500.00
^
N9758 SavorOne
TCCard
L15,000.00
^
N<C>American Express
TCCard
L0.00
^
NAmazon Visa
TCCard
L500.00
^
NAmazon.com Store Card
TCCard
L700.00
^
NCapital One
TCCard
L750.00
^
NCash Account
TCash
^
NEBT
TCash
^
N116 East C Street, Rainier, OR 97048
TOth A
^
N2013 BMW X3
TOth A
^
NAudi A4
TOth A
^
NDodge 1500
TOth A
^
NGMC Envoy
TOth A
^
NInfiniti G35
TOth A
^
NKiale's Lien
TOth A
^
N2011 CSHARRON
TOth L
^
N2014 KGREELEY
TOth L
^
N<C> WOWP
TOth L
^
N<C>Accent
TOth L
^
N<C>American General
TOth L
DAmerican General Personal Loan
^
N<C>Arcadia Finacial LTD (Caviler)
TOth L
D1996 Chevrolet Caviler
^
N<C>Chris Sharron
TOth L
^
N<C>Chris Sharron 2
TOth L
^
N<C>FMCU 142
TOth L
DFred Meyer Credit Union Personal Loan
^
N<C>FMCU Sonoma
TOth L
^
N<C>FMCU Stratus
TOth L
^
N<C>Healthfirst Financial
TOth L
^
N<C>Jose Ivan Rivera
TOth L
^
N<C>Onyx Acceptance Corporation(K-1500)
TOth L
D1993 GMC K-1500
^
N<C>PTCU 1500
TOth L
^
N<C>PTCU Durango
TOth L
^
NBoeing Employees Credit Union
TOth L
^
NOneMain
TOth L
^
NOneMain 3
TOth L
^
NOneMain2
TOth L
^
NSTHCCU
TOth L
^
NWells Fargo Home Mortgage
T
^
!Clear:AutoSwitch
!Account
N6764 STHCCU Checking
TBank
^
!Type:Bank 
D1/10' 4
U-1,251.15
T-1,251.15
CX
POpening Balance
L[6764 STHCCU Checking]
^
D1/11' 4
U0.00
T0.00
C*
P**VOID**Chevron
L--Split--
SFood:Groceries:Alcohol
$0.00
SCigarettes
$0.00
SFood:Groceries
$0.00
^
D1/13' 4
U0.00
T0.00
C*
P**VOID**Grocery Outlet
LHousehold:Non-Food Grocery
^
D11/24' 6
U0.00
T0.00
C*
P**VOID**Best Western Oak
MBEST WESTERN OAK ME 503-397-3000 OR 11-23-2021
LVacation:Lodging
^
D7/11'16
U600.00
T600.00
CX
PFrank Sharron
LOther Income:Gifts Received
^
D7/12'16
U-28.06
T-28.06
CX
PPetco
Mphermone collar and p-spray
LPet Care:Supplies
^
D7/12'16
U-30.07
T-30.07
CX
PWalmart
LFood:Groceries
^
D7/14'16
U4,000.00
T4,000.00
CX
PTransfer Money
L[STHCCU Savings]
^
D7/14'16
U200.00
T200.00
CX
PTransfer Money
L[STHCCU Savings]
^
D7/14'16
U-4,094.00
T-4,094.00
CX
NEFT
PWells Fargo Home Mortgage
L--Split--
S[Wells Fargo Home Mortgage]
$-287.06
SLoan:Wells Fargo Home Mortgage Interest
$-519.04
SInsurance:Homeowner's & Renter's
$-58.92
STaxes:Property
$-146.56
S[Wells Fargo Home Mortgage]
$-288.37
SLoan:Wells Fargo Home Mortgage Interest
$-517.73
SInsurance:Homeowner's & Renter's
$-58.92
STax:Property
$-146.56
S[Wells Fargo Home Mortgage]
$-289.68
SLoan:Wells Fargo Home Mortgage Interest
$-516.42
SInsurance:Homeowner's & Renter's
$-58.92
STax:Property
$-146.56
S[Wells Fargo Home Mortgage]
Eother payment
$-285.76
SLoan:Wells Fargo Home Mortgage Interest
$-520.34
SInsurance:Homeowner's & Renter's
$-58.92
SInsurance:Mortgage Insurance
$-47.68
STaxes:Property
$-146.56
^
D7/14'16
U-579.24
T-579.24
CX
POneMain Financial
L--Split--
S[OneMain 3]
$-60.81
SLoan:OneMain Financial 3 Interest
$-508.43
SBank Charges:Late Charge
$-10.00
^
D7/15'16
U400.00
T400.00
CX
PTransfer Money
L[STHCCU Savings]
^
D7/15'16
U-12.99
T-12.99
CX
PHome Depot
Mhardboard and screws for staircase door
LHome Improvement:Materials
^
D7/15'16
U-19.99
T-19.99
CX
Pj&R Sales
LHousehold:Non-Food Grocery
^
D7/15'16
U-27.96
T-27.96
CX
PGame Stop
MOren Pops
LGifts:Birthday
^
D7/15'16
U-32.76
T-32.76
CX
PChevron
L--Split--
SFood:Groceries
$-12.56
SCigarettes
$-6.48
SAutomobile:Gasoline
E1500 7.76g
$-20.00
SCigarettes
$6.28
^
D7/15'16
U-9.95
T-9.95
CX
PStylemasters College
LChildcare:Iven
^
D7/15'16
U-36.24
T-36.24
CX
PEl Tapatio
LFood:Dining Out
^
D7/16'16
U-87.44
T-87.44
CX
PFred Meyer
L--Split--
SFood:Groceries
$-29.88
SHousehold:Non-Food Grocery
$-9.99
SPet Care:Supplies
Elitter
$-11.99
SLeisure:Books & Magazines
Eshalon book
$-5.59
SChildcare:Iven
Ebackpack
$-29.99
^
D7/17'16
U-50.00
T-50.00
CX
PCash
LFood:Groceries
^
D7/17'16
U-117.27
T-117.27
CX
PFerrara Market
MShalon Pops
LLeisure:Toys & Games
^
D7/18'16
U200.00
T200.00
CX
PTransfer Money
L[STHCCU Savings]
^
D7/18'16
U-13.07
T-13.07
CX
PWalgreens
LFood:Groceries
^
D7/18'16
U-20.00
T-20.00
CX
PChevron
M1500 7.76g
LAutomobile:Gasoline
^
D7/18'16
U-19.47
T-19.47
CX
PChevron
LFood:Dining Out
^
D7/18'16
U-20.00
T-20.00
CX
PCash
L--Split--
SHome Improvement:Landscape & Gardening
Elawn mowing
$-20.00
^
D7/19'16
U-86.10
T-86.10
CX
PWalmart
L--Split--
SPet Care:Food
Ekitten chow
$-11.68
SHousehold:Non-Food Grocery
$-3.97
SFood:Groceries
$-70.45
^
D7/19'16
U-25.00
T-25.00
CX
PToday's Herbal Choice
LHealthcare
^
D7/19'16
U-30.00
T-30.00
CX
PCash
L--Split--
SHousehold:Furnishings
Edisplay cabinet
$-10.00
SFood:Groceries
$-20.00
^
D7/24'16
U-14.03
T-14.03
CX
PThe Pet Works
Mguinea pig food
LPet Care
^
D7/24'16
U-8.57
T-8.57
CX
PChevron
L--Split--
SFood:Groceries
$-2.09
SCigarettes
$-6.48
^
D7/24'16
U-9.00
T-9.00
CX
PGoodwill
LLeisure:Books & Magazines
^
D7/26'16
U-10.07
T-10.07
CX
PChevron
L--Split--
SFood:Groceries
$-3.59
SCigarettes
$-6.48
^
D7/26'16
U-4.18
T-4.18
CX
PChevron
LFood:Groceries
^
D7/31'16
U0.89
T0.89
CX
PSt. Helens Federal Credit Union
LOther Income:Bank Dividend
^
D7/31'16
U-6.48
T-6.48
CX
PChevron
LCigarettes
^
D8/ 2'16
U-7.35
T-7.35
CX
PHome Depot
L--Split--
SHome Improvement:Materials
Eshelf pegs for display cabinet
$-3.88
SFood:Dining Out
$-3.47
^
D8/ 5'16
U-0.95
T-0.95
CX
PChevron
LFood:Dining Out
^
D8/ 6'16
U18.00
T18.00
CX
PTransfer Money
L[STHCCU Savings]
^
D8/ 6'16
U-6.48
T-6.48
CX
PChevron
LCigarettes
^
D8/17'16
U-10.00
T-10.00
CX
PChevron
M1500 4.13g
LAutomobile:Gasoline
^
D9/12'16
U500.00
T500.00
CX
PMarilyn Cade
LOther Income:Gifts Received
^
D9/12'16
U-1.99
T-1.99
CX
PAmazon
Msouthern cooking ebook
LLeisure:Kitchen Education
^
D9/12'16
U-186.37
T-186.37
CX
PSt. Helens Federal Credit Union
^
D9/13'16
U-13.00
T-13.00
CX
PChevron
L--Split--
SCigarettes
$-6.48
SFood:Dining Out
$-6.52
^
D9/14'16
U-289.62
T-289.62
CX
POneMain Financial
LBank Charges:Service Charge
^
D9/15'16
U0.00
T0.00
CX
PHudson Garbage Services
MRachelle Paid $62.13
LBills:Garbage & Recycle
^
D9/15'16
U-6.48
T-6.48
CX
PChevron
LCigarettes
^
D9/17'16
U6,000.00
T6,000.00
CX
PFrank Sharron
LOther Income:Gifts Received
^
D9/17'16
U-7.38
T-7.38
CX
PColumbia City Mini Mart
LFood:Dining Out
^
D9/17'16
U-186.37
T-186.37
CX
PSt. Helens Federal Credit Union
^
D9/18'16
U-268.89
T-268.89
CX
PFred Meyer
L--Split--
SFood:Groceries
$-64.47
SHousehold:Kitchen Supplies
Epizza supplies
$-134.43
SGifts:Misc.
Eiven's ears
$-49.99
SHome Improvement:Landscape & Gardening
$-20.00
^
D9/18'16
U-105.06
T-105.06
CX
PWalmart
L--Split--
SHousehold:Furnishings
Ebackrest pillows
$-31.74
SHousehold:Office Supplies
Eschool backpack
$-39.63
SHousehold:Non-Food Grocery
$-22.97
SFood:Groceries
$-10.72
^
D9/18'16
U-14.13
T-14.13
CX
PAmazon
Mcookbook
LLeisure:Kitchen Education
^
D9/19'16
U-296.16
T-296.16
CX
PLCC Bookstore
LEducation:Books
^
D9/19'16
U-51.75
T-51.75
CX
PChevron
M1500 20.54g
LAutomobile:Gasoline
^
D9/19'16
U-21.17
T-21.17
CX
PFred Meyer
LFood:Groceries
^
D9/19'16
U-42.45
T-42.45
CX
PBed, Bath, & Beyond
LHousehold:Kitchen Supplies
^
D9/19'16
U-40.00
T-40.00
CX
PGame Stop
Mpre order games for boys
LGifts:Christmas
^
D9/19'16
U-31.05
T-31.05
CX
PICHI
LFood:Dining Out
^
D9/19'16
U-6.48
T-6.48
CX
PChevron
LCigarettes
^
D9/19'16
U-114.87
T-114.87
CX
PAmazon
L--Split--
SLeisure:Kitchen Education
Ecookbooks
$-86.93
SHousehold:Kitchen Supplies
Ekeurig filters
$-27.94
^
D9/19'16
U-149.67
T-149.67
CX
PAmazon
L--Split--
SLeisure:Kitchen Education
Ecookbooks
$-37.57
SHousehold:Kitchen Supplies
Ekeurig
$-115.07
S
$2.97
^
D9/19'16
U-25.97
T-25.97
CX
PAmazon
Mcookbook
LLeisure:Kitchen Education
^
D9/20'16
U-27.00
T-27.00
CX
PLuigis Pizza
LFood:Dining Out
^
D9/20'16
U-15.84
T-15.84
CX
PChevron
L--Split--
SCigarettes
$-6.48
SFood:Dining Out
$-9.36
^
D9/20'16
U-59.99
T-59.99
CX
PThe Pet Works
Mflea meds
LPet Care
^
D9/20'16
U-35.95
T-35.95
CX
PAmazon
Mkeurig carafe
LHousehold:Kitchen Supplies
^
D9/20'16
U-10.76
T-10.76
CX
PAmazon
Mcookbook
LLeisure:Kitchen Education
^
D9/20'16
U-82.99
T-82.99
CX
PThermoworks
Mthermopen
LHousehold:Kitchen Supplies
^
D9/21'16
U114.65
T114.65
CX
PCash
Mschool check
LOther Income:Cash
^
D9/21'16
U-86.00
T-86.00
NPrint
POregon DMV
M1500 registration
LBills:Government Fees
^
D9/21'16
U-68.00
T-68.00
CX
PSizzler
LFood:Dining Out
^
D9/21'16
U-600.00
T-600.00
CX
PCash
L--Split--
SCash Withdrawal
$-100.00
SOther Income:Gifts Received
Ereimburse Marilyn Cade
$-500.00
^
D9/21'16
U-48.78
T-48.78
CX
PAmazon
Mcleaver and butcher knife
LHousehold:Kitchen Supplies
^
D9/21'16
U-12.34
T-12.34
CX
PAmazon
Mbook for iven
LGifts
^
D9/21'16
U-165.09
T-165.09
CX
PPaypal
Mshalon
LGifts:Misc.
^
D9/21'16
U-43.60
T-43.60
CX
PVantel Pearls
Mshalon
LGifts:Misc.
^
D9/22'16
U-9.18
T-9.18
CX
PChevron
L--Split--
SCigarettes
$-6.48
SFood:Dining Out
$-2.70
^
D9/22'16
U-23.19
T-23.19
CX
POffice Depot
LHousehold:Office Supplies
^
D9/22'16
U-40.78
T-40.78
CX
PNew Moon
LFood:Dining Out
^
D9/22'16
U-0.99
T-0.99
CX
PAmazon
Mebook
LLeisure:Books & Magazines
^
D9/22'16
U-35.61
T-35.61
CX
PVantel Pearls
Mshalon
LGifts:Misc.
^
D9/23'16
U-132.08
T-132.08
CX
PWalmart
L--Split--
SClothing:Shalon
$-16.97
SClothing:Jonas
$-28.77
SLeisure:Kitchen Education
Emagazines
$-25.94
SFood:Groceries
$-60.40
^
D9/23'16
U-116.40
T-116.40
CX
PPaypal
Mshalon
LGifts:Misc.
^
D9/23'16
U-11.75
T-11.75
CX
PPaypal
Mshalon
LGifts:Misc.
^
D9/24'16
U6.58
T6.58
CX
PTransfer Money
M924 balance
L[Cash Account]
^
D9/24'16
U-11.18
T-11.18
CX
Pj&R Sales
M2 bag(s)
LBills:Wood Fuel
^
D9/24'16
U-6.48
T-6.48
CX
PChevron
LCigarettes
^
D9/24'16
U-58.41
T-58.41
CX
PAmazon
Mlaptop charger
LTech:Office:Supplies
^
D9/25'16
U-74.96
T-74.96
CX
PCraftsy
LLeisure:Kitchen Education
^
D9/25'16
U-1,011.58
T-1,011.58
CX
NEFT
PWells Fargo Home Mortgage
MConfirmation Number 0925520592
L--Split--
S[Wells Fargo Home Mortgage]
$-290.97
SLoan:Wells Fargo Home Mortgage Interest
$-515.13
SInsurance:Homeowner's & Renter's
$-56.08
SInsurance:Mortgage Insurance
$-49.01
STaxes:Property
$-138.09
SOther Income:Refund
Eto balance payment
$37.70
^
D9/25'16
U-171.71
T-171.71
CX
NEFT
PClatskanie PUD
M919153
LBills:Electricity
^
D9/25'16
U-379.33
T-379.33
CX
NEFT
PCity Of Rainier
M430289400
LBills:Water & Sewer
^
D9/25'16
U-119.91
T-119.91
CX
NEFT
PCenturyLink
MConfirmation Number: 14161013870
L--Split--
SBills:Cable Television
$-71.42
SBills:Online Services
$-44.99
SBank Charges:Service Charge
$-3.50
^
D9/25'16
U-243.30
T-243.30
CX
NEFT
POregon Mutual Insurance
MK94589
LInsurance:Auto
^
D9/25'16
U-289.62
T-289.62
CX
POneMain 3
L--Split--
S[OneMain 3]
$-67.39
SLoan:OneMain Financial 3 Interest
$-227.95
SOther Income:Refund
Eto balance
$5.72
^
D9/25'16
U-56.00
T-56.00
CX
PAmazon
L--Split--
SLeisure:Kitchen Education
$-20.38
SFood:Groceries
$-35.62
^
D9/30'16
U-26.61
T-26.61
CX
PChevron
LCigarettes
^
D10/ 1'16
U-26.48
T-26.48
CX
PChevron
MPOS 0205 1439 049508 CHEVRON/WILSON O RAINIER OR
L--Split--
S
$0.00
SCigarettes
$-6.48
SAutomobile:Gasoline
E7.8g
$-20.00
^
D10/ 1'16
U-70.88
T-70.88
CX
PFred Meyer
LHousehold:Kitchen Supplies
^
D10/ 1'16
U-65.03
T-65.03
CX
PFred Meyer
LHealthcare:Prescriptions
^
D10/ 1'16
U-6.49
T-6.49
CX
PAmazon
Mespresso frother
LHousehold:Kitchen Supplies
^
D10/ 1'16
U-1.99
T-1.99
CX
PAmazon
LLeisure:Subscriptions
^
D10/ 2'16
U-6.48
T-6.48
CX
PChevron
MPOS 0515 1621 790143 CHEVRON/WILSON O RAINIER OR
LCigarettes
^
D10/ 2'16
U-9.64
T-9.64
CX
PDollar Tree Stores
LHousehold:Non-Food Grocery
^
D10/ 2'16
U-11.00
T-11.00
CX
PSubway
LFood:Dining Out
^
D10/ 2'16
U-0.99
T-0.99
CX
PAmazon
LLeisure:Subscriptions
^
D10/ 3'16
U-20.00
T-20.00
CX
PChevron
M7.8g
LAutomobile:Gasoline
^
D10/ 3'16
U-26.17
T-26.17
CX
PJ&R Sales
LFood:Groceries
^
D10/ 3'16
U-1.99
T-1.99
CX
PAmazon
LLeisure:Subscriptions
^
D10/ 3'16
U-1.99
T-1.99
CX
PAmazon
LLeisure:Subscriptions
^
D10/ 4'16
U-6.48
T-6.48
CX
PChevron
LCigarettes
^
D10/ 6'16
U-6.48
T-6.48
CX
PChevron
MPOS 0515 1621 790143 CHEVRON/WILSON O RAINIER OR
LCigarettes
^
D10/ 6'16
U-9.95
T-9.95
CX
PWacom
Mtablet stylus
LHousehold:Office Supplies
^
D10/ 9'16
U-2.99
T-2.99
CX
PAmazon
LLeisure:Subscriptions
^
D10/ 9'16
U-0.99
T-0.99
CX
PAmazon
LLeisure:Subscriptions
^
D10/14'16
U-1.99
T-1.99
CX
PAmazon
LLeisure:Subscriptions
^
D10/17'16
U-2.99
T-2.99
CX
PAmazon
LLeisure:Subscriptions
^
D11/ 1'16
U40.00
T40.00
CX
PCash
LOther Income:Cash
^
D11/ 3'16
U-6.48
T-6.48
CX
PChevron
LCigarettes
^
D11/ 3'16
U-11.18
T-11.18
CX
PJ&R Sales
M2
LBills:Wood Fuel
^
D11/ 5'16
U-12.61
T-12.61
CX
PWalmart
LFood:Groceries
^
D11/ 6'16
U-6.48
T-6.48
CX
PChevron
LCigarettes
^
D11/ 8'16
U4,484.52
T4,484.52
CX
PFrank Sharron
L--Split--
SOther Income:Gifts Received
$5,000.00
S[STHCCU]
$-168.01
S[STHCCU]
$-168.01
SBank Charges:Late Charge
$-29.46
SCash Withdrawal
$-150.00
^
D11/ 8'16
U150.00
T150.00
CX
PCash
LCash Withdrawal
^
D11/ 8'16
U-3.48
T-3.48
CX
PChevron
LCigarettes
^
D11/14'16
U-43.26
T-43.26
CX
PFred Meyer
LFood:Groceries
^
D11/14'16
U-91.38
T-91.38
CX
PFred Meyer
L--Split--
SFood:Groceries
$-44.55
SHousehold:Office Supplies
Emooust, mat, paper
$-26.85
SClothing:Oren
$-19.98
^
D11/14'16
U-133.39
T-133.39
CX
PWalamart
L--Split--
SFood:Groceries
$-9.84
SClothing:Oren
$-32.42
SBills:Wood Fuel
E2
$-11.28
SHousehold:Non-Food Grocery
$-79.85
^
D11/14'16
U-129.54
T-129.54
CX
POregon Mutual Insurance
LInsurance:Auto
^
D11/14'16
U-62.15
T-62.15
CX
PMasthead Resturant
LFood:Dining Out
^
D11/15'16
U-9.73
T-9.73
CX
PChevron
L--Split--
SFood:Dining Out
$-3.25
SCigarettes
$-6.48
^
D11/16'16
U-579.24
T-579.24
CX
POne Main Financial
LBills:Debt
^
D11/16'16
U-3,034.74
T-3,034.74
CX
PWells Fargo Home Mortgage
L[Wells Fargo Home Mortgage]
^
D11/16'16
U-107.79
T-107.79
CX
PGoodwill
LClothing:Jonas
^
D11/16'16
U-63.33
T-63.33
CX
PFred Meyer
LFood:Groceries
^
D11/17'16
U-6.56
T-6.56
CX
PChevron
LCigarettes
^
D11/17'16
U-38.96
T-38.96
CX
PCornerstone Cafe
LFood:Dining Out
^
D11/18'16
U-20.55
T-20.55
CX
PJ&R Sales
L--Split--
SBills:Wood Fuel
E3
$-16.77
SHousehold:Non-Food Grocery
$-3.78
^
D11/18'16
U-20.49
T-20.49
CX
PFred Meyer
LFood:Groceries
^
D11/18'16
U-3.02
T-3.02
CX
PFred Meyer
LFood:Groceries
^
D11/18'16
U-35.38
T-35.38
CX
PEl Tapatio
LFood:Dining Out
^
D11/19'16
U-14.97
T-14.97
CX
PGoodwill
LClothing:Jonas
^
D11/19'16
U-6.56
T-6.56
CX
PChevron
LCigarettes
^
D11/20'16
U-15.00
T-15.00
CX
PGoodwill
LClothing:Shalon
^
D11/21'16
U-29.81
T-29.81
CX
PChevron
L--Split--
SCigarettes
$-6.56
SFood:Dining Out
$-3.25
SAutomobile:Gasoline
E7.9
$-20.00
^
D11/21'16
U-27.99
T-27.99
CX
PFred Meyer
LClothing:Shalon
^
D11/21'16
U-19.65
T-19.65
CX
PIchi Teriyaki
LFood:Dining Out
^
D11/21'16
U-2.00
T-2.00
CX
PFred Meyer
LHealthcare:Prescriptions
^
D11/22'16
U-16.77
T-16.77
CX
PJ&R Sales
M3
LBills:Wood Fuel
^
D11/22'16
U-6.56
T-6.56
CX
PChevron
LCigarettes
^
D11/22'16
U-48.68
T-48.68
CX
PHudson Garbage Services
LBills:Garbage & Recycle
^
D11/25'16
U-6.56
T-6.56
CX
PChevron
LCigarettes
^
D11/25'16
U-21.16
T-21.16
CX
PJ&R Sales
L--Split--
SBills:Wood Fuel
E2
$-11.18
SHousehold:Non-Food Grocery
Ecat food
$-9.98
^
D11/25'16
U-20.00
T-20.00
CX
PChevron
M7.9g
LAutomobile:Gasoline
^
D11/26'16
U-6.56
T-6.56
CX
PChevron
LCigarettes
^
D11/28'16
U-6.56
T-6.56
CX
PChevron
LCigarettes
^
D11/28'16
U-2.00
T-2.00
CX
PFred Meyer
LHealthcare:Prescriptions
^
D11/29'16
U3.60
T3.60
CX
PEmmert Chevrolet
LOther Income:Refund
^
D11/29'16
U0.44
T0.44
CX
NDIV
PSt. Helens Federal Credit Union
MDIVIDEND
LOther Income:Bank Dividend
^
D11/29'16
U-5.18
T-5.18
CX
PHome Depot
M1
LBills:Wood Fuel
^
D12/ 1'16
U-3.81
T-3.81
CX
PJ&R Sales
M1
LBills:Wood Fuel
^
D12/ 6'16
U8,012.00
T8,012.00
CX
NDEP
PSocial Security
LRetirement Income:Social Security Benefits
^
D12/10'16
U-54.00
T-54.00
CX
PGoodwill
LClothing:Jonas
^
D12/10'16
U-124.40
T-124.40
CX
PWalamart
L--Split--
SFood:Groceries
$-39.46
SHousehold:Office Supplies
Eepson ink
$-84.94
^
D12/10'16
U-186.42
T-186.42
CX
PHome Depot
L--Split--
SHousehold:Furnishings
Egarbage can
$-5.50
STech:IT:Materials
Ecat5 cable, rj45 plugs
$-71.95
STech:IT:Tools
Ecrimper, rj45 tester
$-108.97
^
D12/10'16
U-42.27
T-42.27
CX
PLa Familia Taqueria
LFood:Dining Out
^
D12/10'16
U-26.56
T-26.56
CX
PChevron
L--Split--
SCigarettes
$-6.56
S
$0.00
SAutomobile:Gasoline
E7.9
$-20.00
^
D12/10'16
U-253.91
T-253.91
CX
PAmazon
L--Split--
SEducation:Books
Eaccess book
$-162.39
STech:Office:Books
$-91.52
^
D12/11'16
U-11.18
T-11.18
CX
PJ&R Sales
M2
LBills:Wood Fuel
^
D12/11'16
U-13.78
T-13.78
CX
PArby's
LFood:Dining Out
^
D12/11'16
U-29.01
T-29.01
CX
PBurger King
LFood:Dining Out
^
D12/12'16
U-6.56
T-6.56
CX
PChevron
LCigarettes
^
D12/12'16
U-14.94
T-14.94
CX
PAmazon
LTech:Office:Books
^
D12/12'16
U-29.93
T-29.93
CX
PAmazon
LTech:Office:Books
^
D12/13'16
U-26.56
T-26.56
CX
PChevron
L--Split--
SCigarettes
$-6.56
S
$0.00
SAutomobile:Gasoline
E7.9
$-20.00
^
D12/13'16
U-76.96
T-76.96
CX
PFred Meyer
LGifts:Christmas
^
D12/13'16
U-197.09
T-197.09
CX
PFred Meyer
LFood:Groceries
^
D12/13'16
U-114.97
T-114.97
CX
PGame Stop
LGifts:Christmas
^
D12/13'16
U-16.77
T-16.77
CX
PJ&R Sales
M3
LBills:Wood Fuel
^
D12/13'16
U-146.93
T-146.93
CX
PHome Depot
L--Split--
STech:IT:Tools
Ewire tracer
$-39.97
SHousehold:Non-Food Grocery
$-6.98
SGifts:Christmas
$-99.98
^
D12/13'16
U-23.97
T-23.97
CX
PRadio Shack
Mbatteries
LHousehold:Non-Food Grocery
^
D12/13'16
U-27.18
T-27.18
CX
PIchi Teriyaki
LFood:Dining Out
^
D12/13'16
U-39.99
T-39.99
CX
PCarfax
LAutomobile:Accessories
^
D12/13'16
U-173.44
T-173.44
CX
N53
PWalmart
LGifts:Christmas
^
D12/14'16
U-19.35
T-19.35
CX
PJ&R Sales
M3
L--Split--
SBills:Wood Fuel
E3
$-16.77
SFood:Groceries
$-2.58
^
D12/14'16
U-70.15
T-70.15
CX
PEl Tapatio
LFood:Dining Out
^
D12/14'16
U-4,100.00
T-4,100.00
CX
PKarz N More
L[Audi A4]
^
D12/15'16
U-42.62
T-42.62
CX
PChevron
L--Split--
SCigarettes
$-6.56
SFood:Groceries
$-1.56
SAutomobile:Gasoline
E12.69
$-34.50
^
D12/15'16
U-112.83
T-112.83
CX
PRoss
LGifts:Christmas
^
D12/15'16
U-32.99
T-32.99
CX
PPetco
LHousehold:Non-Food Grocery
^
D12/15'16
U-12.99
T-12.99
CX
PThe Pet Works
LHousehold:Non-Food Grocery
^
D12/15'16
U-263.61
T-263.61
CX
PWalamart
LGifts:Christmas
^
D12/15'16
U-24.60
T-24.60
CX
PSubway
LFood:Dining Out
^
D12/16'16
U-22.36
T-22.36
CX
PJ&R Sales
M4
LBills:Wood Fuel
^
D12/16'16
U-6.56
T-6.56
CX
PChevron
LCigarettes
^
D12/16'16
U-63.99
T-63.99
CX
PO' Reilly Auto Parts
Maudi wiper blades
LAutomobile:Parts
^
D12/16'16
U-33.06
T-33.06
CX
PDutch Brothers
LGifts:Christmas
^
D12/16'16
U-62.89
T-62.89
CX
PWalgreens
LHousehold:Non-Food Grocery
^
D12/16'16
U-7.65
T-7.65
CX
PKrispy Kreme
LFood:Dining Out
^
D12/16'16
U-2.14
T-2.14
CX
PKrispy Kreme
LFood:Dining Out
^
D12/16'16
U-29.01
T-29.01
CX
PTaco Time
LFood:Dining Out
^
D12/16'16
U-42.54
T-42.54
CX
PAmazon
LGifts:Christmas
^
D12/16'16
U-14.99
T-14.99
CX
PAmazon
LGifts:Christmas
^
D12/16'16
U-59.99
T-59.99
CX
PAmazon
Mlabeler
LHousehold:Office Supplies
^
D12/16'16
U-19.99
T-19.99
CX
PAmazon
Mlabels
LHousehold:Office Supplies
^
D12/16'16
U-16.20
T-16.20
CX
PAmazon
Mlabels
LHousehold:Office Supplies
^
D12/16'16
U-39.99
T-39.99
CX
PAmazon
LTech:Office:Books
^
D12/16'16
U-70.74
T-70.74
CX
PAmazon
LTech:Office:Books
^
D12/17'16
U14.99
T14.99
CX
PAmazon
LGifts:Christmas
^
D12/17'16
U34.59
T34.59
CX
PAmazon
LGifts:Christmas
^
D12/17'16
U-175.00
T-175.00
CX
PCash
LGifts:Christmas
^
D12/17'16
U-13.98
T-13.98
CX
PGoodwill
LHousehold:Office Supplies
^
D12/17'16
U-33.52
T-33.52
CX
PChevron
M12.33g
LAutomobile:Gasoline
^
D12/17'16
U-85.00
T-85.00
CX
PPawnshop & More
Mmonitors
LTech:Office:Capital
^
D12/17'16
U-9.18
T-9.18
CX
PColumbia City Grocery
LFood:Groceries
^
D12/17'16
U-149.18
T-149.18
CX
PClatskanie PUD
LBills:Electricity
^
D12/17'16
U-78.20
T-78.20
CX
PAmazon
L--Split--
STech:Office:Supplies
E2 wireless keyboard
$-39.98
STech:IT:Equipment
Epatch panel
$-38.22
^
D12/18'16
U-229.14
T-229.14
CX
PWalmart
LFood:Groceries
^
D12/18'16
U-32.53
T-32.53
CX
PHome Depot
L--Split--
SBills:Wood Fuel
E4
$-20.72
SHousehold:Non-Food Grocery
$-11.81
^
D12/18'16
U-10.99
T-10.99
CX
PAmazon
LGifts:Christmas
^
D12/18'16
U-99.00
T-99.00
CX
PAmazon
LGifts:Christmas
^
D12/18'16
U-14.99
T-14.99
CX
PAmazon
LGifts:Christmas
^
D12/18'16
U-17.97
T-17.97
CX
PAmazon
Mcables
LTech:IT:Materials
^
D12/18'16
U-3.23
T-3.23
CX
PAmazon
LTech:Office:Books
^
D12/18'16
U-34.59
T-34.59
CX
PAmazon
LGifts:Christmas
^
D12/19'16
U-9.62
T-9.62
CX
PChevron
L--Split--
SCigarettes
$-6.33
SFood:Dining Out
$-3.29
^
D12/19'16
U-30.17
T-30.17
CX
PChevron
M11.43g audi
LAutomobile:Gasoline
^
D12/19'16
U-32.75
T-32.75
CX
PSubway
LFood:Dining Out
^
D12/19'16
U-10.75
T-10.75
CX
PAmazon
LGifts:Christmas
^
D12/20'16
U-6.56
T-6.56
CX
PChevron
LCigarettes
^
D12/20'16
U-46.99
T-46.99
CX
PAmazon
LGifts:Christmas
^
D12/20'16
U-37.09
T-37.09
CX
PAmazon
MHP 2524 switch
LTech:IT:Equipment
^
D12/20'16
U-52.86
T-52.86
CX
PAmazon
Mpunch down tool
LTech:IT:Tools
^
D12/21'16
U-8.87
T-8.87
CX
PJ&R Sales
L--Split--
SBills:Wood Fuel
E1
$-6.58
SHousehold:Non-Food Grocery
$-2.29
^
D12/21'16
U-24.99
T-24.99
CX
PAmazon
LGifts:Christmas
^
D12/23'16
U-5.18
T-5.18
CX
PHome Depot
M1
LBills:Wood Fuel
^
D12/31'16
U113.65
T113.65
CX
PCash
LOther Income:Cash
^
D12/31'16
U2.74
T2.74
CX
NDIV
PSt. Helens Federal Credit Union
MDIVIDEND
LOther Income:Bank Dividend
^
D12/31'16
U-47.22
T-47.22
CX
PHome Depot
L--Split--
SBills:Wood Fuel
E4
$-20.72
STech:IT:Materials
Ecat5/rj45 supplies
$-26.50
^
D12/31'16
U-4.34
T-4.34
CX
PWalmart
LFood:Groceries
^
D12/31'16
U-8.00
T-8.00
CX
PGoodwill
LLeisure:Kitchen Education
^
D12/31'16
U-18.54
T-18.54
CX
PChevron
L--Split--
SCigarettes
$-6.56
SAutomobile:Parts
Eaudi oil
$-11.98
^
D1/ 1'17
U-6.56
T-6.56
CX
PChevron
LCigarettes
^
D1/ 2'17
U-16.76
T-16.76
CX
PTractor Supply
M4
LBills:Wood Fuel
^
D1/ 2'17
U-15.54
T-15.54
CX
PBurgerville
LFood:Dining Out
^
D1/11'17
U2,009.00
T2,009.00
CX
PSocial Security Deposit
MSSA TREAS 310 XXSOC SEC 061020
LRetirement Income:Social Security Benefits
^
D1/11'17
U-186.37
T-186.37
CX
NEFT
PSt. Helens Federal Credit Union
L[STHCCU]
^
D1/11'17
U-6.56
T-6.56
CX
PChevron
LCigarettes
^
D1/12'17
U-41.90
T-41.90
CX
PTractor Supply
M10
LBills:Wood Fuel
^
D1/12'17
U-35.16
T-35.16
CX
PChevron
L--Split--
SCigarettes
$-6.56
SAutomobile:Gasoline
E7.755g
$-20.00
SFood:Dining Out
$-8.60
^
D1/12'17
U-128.73
T-128.73
CX
PHome Depot
Mmtrls to build server rack
LTech:IT:Materials
^
D1/13'17
U-32.97
T-32.97
CX
PAmazon
Mdvi cables
LTech:Office:Supplies
^
D1/13'17
U-6.56
T-6.56
CX
PChevron
LCigarettes
^
D1/14'17
U-35.47
T-35.47
CX
PAmazon
LTech:Office:Books
^
D1/14'17
U-23.00
T-23.00
CX
PAmazon
Mhtml and css book
LEducation:Books
^
D1/14'17
U-24.50
T-24.50
CX
PCash
LCash Withdrawal
^
D1/14'17
U-21.01
T-21.01
CX
PWalmart
LFood:Groceries
^
D1/15'17
U-26.56
T-26.56
CX
PChevron
L--Split--
SCigarettes
$-6.56
SAutomobile:Gasoline
E7.755
$-20.00
^
D1/15'17
U-243.08
T-243.08
CX
POregon Mutual Insurance
LInsurance:Auto
^
D1/15'17
U-62.65
T-62.65
CX
PCity Of Rainier
MDEBIT CARD DEBIT 06-11-2020
LBills:Water & Sewer
^
D1/15'17
U-50.07
T-50.07
CX
PHudson Garbage Services
MConfirmation Code  094511
LBills:Garbage & Recycle
^
D1/15'17
U-40.00
T-40.00
CX
PGoodwill
LClothing:Jonas
^
D1/16'17
U-106.97
T-106.97
CX
PFred Meyer
LFood:Groceries
^
D1/16'17
U-444.71
T-444.71
CX
PSuperior Tire Service
Maudi tires
LAutomobile:Parts
^
D1/16'17
U-45.05
T-45.05
CX
PChevron
L--Split--
SCigarettes
$-6.56
SAutomobile:Gasoline
E13.851
$-38.49
^
D1/17'17
U-6.56
T-6.56
CX
PChevron
LCigarettes
^
D1/17'17
U-12.99
T-12.99
CX
PEarth N Sun
M2
LBills:Wood Fuel
^
D1/17'17
U-63.29
T-63.29
CX
PWalmart
L--Split--
SFood:Groceries
$-55.32
SHousehold:Non-Food Grocery
Epaper towels
$-7.97
^
D1/17'17
U-15.54
T-15.54
CX
PHome Depot
M3
LBills:Wood Fuel
^
D1/18'17
U-6.56
T-6.56
CX
PChevron
LCigarettes
^
D1/19'17
U-9.99
T-9.99
CX
PAmazon
Mhdmi cables
LHousehold:Office Supplies
^
D1/19'17
U-77.74
T-77.74
CX
PHome Depot
L--Split--
SBills:Wood Fuel
E2
$-10.36
SHousehold:Kitchen Supplies
Erefridge lock
$-5.49
SHousehold:Office Supplies
Eshelf brackets
$-61.89
^
D1/19'17
U-6.56
T-6.56
CX
PChevron
LCigarettes
^
D1/20'17
U-68.90
T-68.90
CX
PGoodwill
L--Split--
SClothing:Jonas
$-26.97
STech:Office:Supplies
Emonitors
$-14.99
STech:Office:Books
$-26.94
^
D1/21'17
U-6.56
T-6.56
CX
PChevron
LCigarettes
^
D1/21'17
U-105.48
T-105.48
CX
PHome Depot
M3
L--Split--
SBills:Wood Fuel
E2
$-10.36
SHousehold:Kitchen Supplies
Estorage containers
$-17.91
SHousehold:Office Supplies
Eshelf brackets
$-7.23
SHousehold:Furnishings
Etv antenna
$-69.98
^
D1/21'17
U-20.69
T-20.69
CX
PWalmart
LFood:Groceries
^
D1/22'17
U-6.56
T-6.56
CX
PChevron
LCigarettes
^
D1/22'17
U-35.51
T-35.51
CX
PIchi Teriyaki
LFood:Dining Out
^
D1/26'17
U-5.06
T-5.06
CX
PChevron
LCigarettes
^
D1/31'17
U4.50
T4.50
CX
PCash
LOther Income:Refund
^
D1/31'17
U0.38
T0.38
CX
PSt. Helens Federal Credit Union
MDIVIDEND
LOther Income:Bank Dividend
^
D2/ 8'17
U2,009.00
T2,009.00
CX
PSocial Security Deposit
MSSA TREAS 310 XXSOC SEC 061020
LRetirement Income:Social Security Benefits
^
D2/ 8'17
U-42.73
T-42.73
CX
PChevron
L--Split--
SCigarettes
$-6.56
SAutomobile:Gasoline
E13.017g
$-36.17
^
D2/ 8'17
U-11.18
T-11.18
CX
PJ&R Sales
M2
LBills:Wood Fuel
^
D2/ 8'17
U-244.68
T-244.68
CX
PWinco
LFood:Groceries
^
D2/ 9'17
U-6.56
T-6.56
CX
PChevron
LCigarettes
^
D2/10'17
U-36.68
T-36.68
CX
PWalmart
L--Split--
SFood:Groceries
$-20.30
SAutomobile:Parts
Eoil for audi
$-8.94
SHousehold:Office Supplies
Epaper
$-7.44
^
D2/10'17
U-5.18
T-5.18
CX
PHome Depot
M1
LBills:Wood Fuel
^
D2/10'17
U-12.00
T-12.00
CX
PGoodwill
LTech:Office:Books
^
D2/10'17
U-47.91
T-47.91
CX
PChevron
L--Split--
SCigarettes
$-6.56
SAutomobile:Gasoline
E`
$-41.35
^
D2/10'17
U-72.57
T-72.57
CX
PElmer's
LFood:Dining Out
^
D2/11'17
U-4.75
T-4.75
CX
PFred Meyer
LFood:Groceries
^
D2/11'17
U-17.10
T-17.10
CX
PDutch Brothers
LFood:Dining Out
^
D2/12'17
U-37.57
T-37.57
CX
PHome Depot
L--Split--
SBills:Wood Fuel
E4
$-20.72
SHome Improvement:Materials
$-16.85
^
D2/12'17
U-6.56
T-6.56
CX
PChevron
LCigarettes
^
D2/12'17
U-34.82
T-34.82
CX
PWalmart
LFood:Groceries
^
D2/12'17
U-49.00
T-49.00
CX
PAmazon
LLeisure:Subscriptions
^
D2/12'17
U-80.23
T-80.23
CX
PAzteca
LFood:Dining Out
^
D2/13'17
U-43.81
T-43.81
CX
PChevron
L--Split--
SCigarettes
$-6.56
SAutomobile:Gasoline
E13.405
$-37.25
^
D2/13'17
U-186.37
T-186.37
CX
NEFT
PSt. Helens Federal Credit Union
L[STHCCU]
^
D2/14'17
U-11.98
T-11.98
CX
PJ&R Sales
M2
LBills:Wood Fuel
^
D2/15'17
U-9.26
T-9.26
CX
PChevron
L--Split--
SCigarettes
$-6.56
SFood:Dining Out
E13.405
$-2.70
^
D2/15'17
U-24.63
T-24.63
CX
PTractor Supply
M5
LBills:Wood Fuel
^
D2/15'17
U-88.41
T-88.41
CX
PWalmart
L--Split--
SFood:Groceries
$-52.65
SClothing:Shalon
$-35.76
^
D2/16'17
U-28.89
T-28.89
CX
PFred Meyer
LHousehold:Non-Food Grocery
^
D2/16'17
U-26.79
T-26.79
CX
PFred Meyer
LHealthcare:Prescriptions
^
D2/16'17
U-9.26
T-9.26
CX
PChevron
L--Split--
SCigarettes
$-6.56
SFood:Dining Out
E13.405
$-2.70
^
D2/18'17
U-68.63
T-68.63
CX
PWalmart
LFood:Groceries
^
D2/18'17
U-6.56
T-6.56
CX
PChevron
LCigarettes
^
D2/20'17
U-9.81
T-9.81
CX
PChevron
L--Split--
SCigarettes
$-6.56
SFood:Dining Out
$-3.25
^
D2/20'17
U-20.36
T-20.36
CX
PTractor Supply
L--Split--
SBills:Wood Fuel
E2
$-8.38
SHousehold:Non-Food Grocery
Ecat litter
$-11.98
^
D2/20'17
U-64.43
T-64.43
CX
PWalmart
LFood:Groceries
^
D2/21'17
U-26.56
T-26.56
CX
PChevron
L--Split--
SCigarettes
$-6.56
SAutomobile:Gasoline
E7.197
$-20.00
^
D2/21'17
U-19.73
T-19.73
CX
PMcdonalds
LFood:Dining Out
^
D2/21'17
U-422.08
T-422.08
CX
POregon Mutual Insurance
LInsurance:Auto
^
D2/22'17
U-20.95
T-20.95
CX
PTractor Supply
M5
LBills:Wood Fuel
^
D2/22'17
U-111.57
T-111.57
CX
PClatskanie PUD
LBills:Electricity
^
D2/23'17
U-6.56
T-6.56
CX
PChevron
LCigarettes
^
D2/26'17
U-6.56
T-6.56
CX
PChevron
LCigarettes
^
D2/28'17
U0.00
T0.00
CX
P**VOID**Walmart
L--Split--
SBills:Wood Fuel
E2
$0.00
SFood:Groceries
$0.00
^
D2/28'17
U0.65
T0.65
CX
PSt. Helens Federal Credit Union
MDIVIDEND
LOther Income:Bank Dividend
^
D2/28'17
U-6.56
T-6.56
CX
PChevron
LCigarettes
^
D3/ 1'17
U-6.56
T-6.56
CX
PChevron
LCigarettes
^
D3/ 3'17
U-9.56
T-9.56
CX
PChevron
L--Split--
SCigarettes
$-6.56
SFood:Dining Out
E7.197
$-3.00
^
D3/ 4'17
U-19.75
T-19.75
CX
PTractor Supply
M4
LBills:Wood Fuel
^
D3/ 5'17
U-18.31
T-18.31
CX
PDeli Store
LFood:Dining Out
^
D3/ 6'17
U-6.56
T-6.56
CX
PChevron
LCigarettes
^
D3/ 7'17
U-5.00
T-5.00
CX
PChevron
M1.866g
LAutomobile:Gasoline
^
D3/ 8'17
U2,009.00
T2,009.00
CX
PSocial Security Deposit
MSSA TREAS 310 XXSOC SEC 061020
LRetirement Income:Social Security Benefits
^
D3/ 8'17
U-40.83
T-40.83
CX
PChevron
L--Split--
SCigarettes
$-6.56
SAutomobile:Gasoline
E11.905g
$-34.27
^
D3/ 8'17
U-173.13
T-173.13
CX
PWalmart
LFood:Groceries
^
D3/ 8'17
U-15.54
T-15.54
CX
PHome Depot
M3
LBills:Wood Fuel
^
D3/ 8'17
U-25.77
T-25.77
CX
POffice Depot
LHousehold:Non-Food Grocery
^
D3/ 9'17
U-6.56
T-6.56
CX
PChevron
LCigarettes
^
D3/ 9'17
U-114.37
T-114.37
CX
PWalmart
L--Split--
SClothing:Jonas
$-49.60
SFood:Groceries
$-64.77
^
D3/10'17
U-39.27
T-39.27
CX
PTractor Supply
L--Split--
SBills:Wood Fuel
E5
$-20.95
SFood:Groceries
$-18.32
^
D3/10'17
U-24.07
T-24.07
CX
PAmPm
M8.189g
LAutomobile:Gasoline
^
D3/10'17
U-19.55
T-19.55
CX
PSubway
LFood:Dining Out
^
D3/11'17
U-7.00
T-7.00
CX
PGoodwill
LTech:Office:Books
^
D3/11'17
U-10.34
T-10.34
CX
PChevron
L--Split--
SCigarettes
$-6.56
SFood:Dining Out
$-3.78
^
D3/11'17
U-80.00
T-80.00
CX
POlive Garden
LFood:Dining Out
^
D3/11'17
U-4.54
T-4.54
CX
PCommunity Hospice
LLeisure:Craft
^
D3/11'17
U-1.20
T-1.20
CX
PCommunity Hospice
LLeisure:Craft
^
D3/12'17
U-8.61
T-8.61
CX
PThe Red Hat
LClothing:Shalon
^
D3/13'17
U-16.56
T-16.56
CX
PChevron
L--Split--
SCigarettes
$-6.56
SAutomobile:Gasoline
E3.678
$-10.00
^
D3/13'17
U-9.99
T-9.99
CX
PSalted
LLeisure:Subscriptions
^
D3/13'17
U-186.37
T-186.37
CX
NEFT
PSt. Helens Federal Credit Union
L[STHCCU]
^
D3/14'17
U-6.56
T-6.56
CX
PChevron
LCigarettes
^
D3/15'17
U-107.00
T-107.00
CX
PFred Meyer
L--Split--
SFood:Groceries
$-52.56
SHousehold:Non-Food Grocery
$-54.44
^
D3/15'17
U-31.53
T-31.53
CX
PFred Meyer
M11.859
LAutomobile:Gasoline
^
D3/15'17
U-8.56
T-8.56
CX
PChevron
LCigarettes
^
D3/15'17
U-20.95
T-20.95
CX
PTractor Supply
M5
LBills:Wood Fuel
^
D3/15'17
U-346.34
T-346.34
CX
PCity Of Rainier
LBills:Water & Sewer
^
D3/15'17
U-12.00
T-12.00
CX
PDutch Brothers
LFood:Dining Out
^
D3/17'17
U-10.85
T-10.85
CX
PChevron
L--Split--
SCigarettes
$-6.56
SFood:Dining Out
E3.678
$-4.29
^
D3/18'17
U-208.89
T-208.89
CX
PWinco
LFood:Groceries
^
D3/18'17
U-6.56
T-6.56
CX
PChevron
LCigarettes
^
D3/20'17
U-15.70
T-15.70
CX
PTractor Supply
M5
LBills:Wood Fuel
^
D3/20'17
U-6.56
T-6.56
CX
PChevron
LCigarettes
^
D3/20'17
U-20.26
T-20.26
CX
PWalmart
LFood:Groceries
^
D3/20'17
U-49.68
T-49.68
CX
PHudson Garbage Services
LBills:Garbage & Recycle
^
D3/20'17
U-102.06
T-102.06
CX
PCenturyLink
LBills:Online Services
^
D3/21'17
U-6.56
T-6.56
CX
PChevron
LCigarettes
^
D3/22'17
U-6.56
T-6.56
CX
PChevron
LCigarettes
^
D3/24'17
U-6.65
T-6.65
CX
PChevron
LCigarettes
^
D3/25'17
U-48.00
T-48.00
CX
PChevron
L--Split--
SCigarettes
$-6.66
SAutomobile:Gasoline
E14.164g
$-41.34
^
D3/25'17
U-57.91
T-57.91
CX
PTractor Supply
L--Split--
SBills:Wood Fuel
E5
$-20.95
SHousehold:Non-Food Grocery
$-36.96
^
D3/27'17
U-6.66
T-6.66
CX
PChevron
LCigarettes
^
D3/27'17
U-5.59
T-5.59
CX
NPrint
PUS Postal Service
Mcertified letter
LBills:Government Fees
^
D3/27'17
U-3.49
T-3.49
CX
PGoodwill
LClothing:Jonas
^
D3/27'17
U-30.82
T-30.82
CX
PFred Meyer
LFood:Groceries
^
D3/27'17
U-2.95
T-2.95
CX
PUSA Canteen
LFood:Groceries
^
D3/27'17
U-6.66
T-6.66
CX
PChevron
LCigarettes
^
D3/28'17
U-6.65
T-6.65
CX
PChevron
LCigarettes
^
D3/29'17
U-26.74
T-26.74
CX
PTractor Supply
L--Split--
SBills:Wood Fuel
E5
$-20.95
SFood:Dining Out
$-5.79
^
D3/30'17
U-50.00
T-50.00
CX
N2000
PCash
LFood:Groceries
^
D3/31'17
U0.63
T0.63
CX
PSt. Helens Federal Credit Union
MDIVIDEND 01/03/2021 CORRECT ENDING
LOther Income:Bank Dividend
^
D5/ 5'17
U-5.91
T-5.91
PSafeway
LFood:Dining Out:Convenience
^
D5/17'17
U-22.50
T-22.50
PRainier Eagles
LFood:Dining Out
^
D10/ 3'17
U-6.78
T-6.78
CX
PChevron
LCigarettes
^
D10/ 3'17
U-1.78
T-1.78
CX
PChevron
LCigarettes
^
D10/ 5'17
U0.65
T0.65
CX
PCash
LOther Income:Refund
^
D10/ 5'17
U-4.28
T-4.28
CX
PChevron
LCigarettes
^
D10/10'17
U599.79
T599.79
CX
PLCC
Mwork study
LWages & Salary:Net Pay
^
D10/10'17
U-7.78
T-7.78
CX
PChevron
L--Split--
SCigarettes
$-5.78
SFood:Dining Out:Convenience
$-2.00
^
D10/10'17
U-189.92
T-189.92
CX
PRoss
L--Split--
SHousehold:Kitchen Supplies
$-39.53
SClothing:Jonas
$-150.39
^
D10/11'17
U2,009.00
T2,009.00
CX
PSocial Security Deposit
MSSA TREAS 310 XXSOC SEC 111020
LRetirement Income:Social Security Benefits
^
D10/11'17
U-189.99
T-189.99
CX
PAmazon
Mamazon fire
LTech:Office:Capital
^
D10/11'17
U-38.77
T-38.77
CX
PAmazon
Mdata struct w/java
LEducation:Books
^
D10/11'17
U-76.18
T-76.18
CX
PSizzler
LFood:Dining Out
^
D10/11'17
U-40.00
T-40.00
CX
PCash Withdrawl
Mlawn mowing
LHome Improvement:Landscape & Gardening
^
D10/11'17
U-19.99
T-19.99
CX
PAmazon
Msata-usb cable
LTech:IT:Materials
^
D10/11'17
U-129.96
T-129.96
CX
PClatskanie PUD
LBills:Electricity
^
D10/11'17
U-491.50
T-491.50
CX
POregon Mutual Insurance
LInsurance:Auto
^
D10/11'17
U-149.99
T-149.99
CX
PBest Buy
Mcoax-rj45 ant connector
LTech:IT:Equipment
^
D10/11'17
U-78.47
T-78.47
CX
PRoss
LClothing:Jonas
^
D10/12'17
U-12.19
T-12.19
CX
PRoss
LClothing:Jonas
^
D10/12'17
U-9.40
T-9.40
CX
PFred Meyer
LFood:Dining Out:Convenience
^
D10/12'17
U-134.46
T-134.46
CX
PFred Meyer
LFood:Groceries
^
D10/12'17
U-48.95
T-48.95
CX
PWestern World
LBills:Wood Fuel
^
D10/12'17
U-26.46
T-26.46
CX
PPet Works
LPet Care:Supplies
^
D10/13'17
U-34.59
T-34.59
CX
PFred Meyer
LFood:Groceries
^
D10/13'17
U-10.53
T-10.53
CX
PFred Meyer
LFood:Dining Out:Convenience
^
D10/13'17
U-55.93
T-55.93
CX
PFred Meyer
LHealthcare:Prescriptions
^
D10/13'17
U-45.52
T-45.52
CX
PChevron
M14.409
LAutomobile:Gasoline
^
D10/13'17
U-84.72
T-84.72
CX
PWalmart
L--Split--
S
$0.00
SClothing:Jonas
$-33.80
SFood:Groceries
$-50.92
^
D10/13'17
U-286.08
T-286.08
CX
POregon Mutual Insurance
LInsurance:Auto
^
D10/13'17
U-6.78
T-6.78
CX
PChevron
LCigarettes
^
D10/14'17
U-11.98
T-11.98
CX
PMcdonalds
LFood:Dining Out
^
D10/14'17
U-26.64
T-26.64
CX
PMcdonalds
LFood:Dining Out
^
D10/15'17
U-45.03
T-45.03
CX
PChevron
L--Split--
SAutomobile:Gasoline
E7.462
$-22.68
SCigarettes
$-6.59
SFood:Dining Out:Convenience
$-15.76
^
D10/15'17
U-7.49
T-7.49
CX
PAMPM
LFood:Dining Out:Convenience
^
D10/15'17
U-15.54
T-15.54
CX
N2979768
PHome Depot
M3
LBills:Wood Fuel
^
D10/16'17
U-90.00
T-90.00
CX
PBoost Mobile
LBills:Cellular Phone
^
D10/16'17
U-6.78
T-6.78
CX
PChevron
LCigarettes
^
D10/18'17
U-10.28
T-10.28
CX
PSubway
LFood:Dining Out
^
D10/18'17
U-10.50
T-10.50
CX
PEarth And Sun
M2
LBills:Wood Fuel
^
D10/18'17
U-29.46
T-29.46
CX
PGamestop
LGifts
^
D10/19'17
U-54.88
T-54.88
CX
PIchi
LFood:Dining Out
^
D10/20'17
U-10.17
T-10.17
CX
PChevron
L--Split--
SCigarettes
$-6.78
SFood:Groceries
$-3.39
^
D10/20'17
U-4.59
T-4.59
CX
PChevron
LFood:Dining Out:Convenience
^
D10/20'17
U-43.65
T-43.65
CX
PChinese Delicacy
LFood:Dining Out
^
D10/21'17
U-17.35
T-17.35
CX
PChevron
L--Split--
SCigarettes
$-6.78
SFood:Groceries
$-10.57
^
D10/23'17
U-8.47
T-8.47
CX
PChevron
L--Split--
SCigarettes
$-6.78
SFood:Dining Out:Convenience
$-1.69
^
D10/25'17
U-6.78
T-6.78
CX
PChevron
LCigarettes
^
D10/25'17
U-3.87
T-3.87
CX
PChevron
LCigarettes
^
D10/28'17
U-6.78
T-6.78
CX
PChevron
LCigarettes
^
D10/29'17
U-6.78
T-6.78
CX
PChevron
LCigarettes
^
D10/30'17
U-6.78
T-6.78
PChevron
LCigarettes
^
D10/31'17
U0.21
T0.21
NDIV
PSt. Helens Federal Credit Union
MDIVIDEND
LOther Income:Bank Dividend
^
D11/ 1'17
U-6.58
T-6.58
CX
PChevron
LCigarettes
^
D11/ 3'17
U-6.58
T-6.58
CX
PChevron
LCigarettes
^
D11/ 8'17
U2,009.00
T2,009.00
CX
PSocial Security Deposit
MSSA TREAS 310 XXSOC SEC 111020
LRetirement Income:Social Security Benefits
^
D11/ 8'17
U-372.74
T-372.74
CX
PSTHCCU
L--Split--
S[STHCCU]
$-372.74
SLoan:STHCUU Interest
$0.00
^
D11/ 8'17
U-7.58
T-7.58
CX
PChevron
L--Split--
SCigarettes
$-6.58
SFood:Dining Out:Convenience
$-1.00
^
D11/ 8'17
U-47.18
T-47.18
CX
PAmazon
Mmonitor stand
LTech:Office:Supplies
^
D11/ 9'17
U-29.96
T-29.96
CX
PGamestop
LLeisure:Toys & Games
^
D11/ 9'17
U-68.79
T-68.79
CX
PWilco
LPet Care:Supplies
^
D11/ 9'17
U-22.01
T-22.01
CX
PSmart Foodservice
LFood:Groceries
^
D11/ 9'17
U-6.49
T-6.49
CX
PCowlitz County Habitat For Humanity
LHome Improvement:Materials
^
D11/ 9'17
U-6.47
T-6.47
CX
P2nd Look
LHome Improvement:Materials
^
D11/ 9'17
U-14.00
T-14.00
CX
PJ&E
LHome Improvement:Materials
^
D11/10'17
U-778.73
T-778.73
CX
PWells Fargo Home Mortgage
MWF HOME MTG AUTO PAY 111120
L[Wells Fargo Home Mortgage]
^
D11/10'17
U-6.58
T-6.58
CX
PChevron
LCigarettes
^
D11/10'17
U-33.08
T-33.08
CX
PPho Ever
LFood:Dining Out
^
D11/11'17
U-27.38
T-27.38
CX
PAmazon
Mcables
LTech:IT:Materials
^
D11/12'17
U-7.46
T-7.46
CX
PDeer Island Store
LCigarettes
^
D11/12'17
U-97.82
T-97.82
CX
PGoodwill
L--Split--
SClothing:Jonas
$-21.97
STech:Office:Books
$-26.92
STech:IT:Materials
Ecables
$-48.93
^
D11/12'17
U-63.96
T-63.96
CX
PBimart
Mfood slicer
LHousehold:Kitchen Supplies
^
D11/12'17
U-144.98
T-144.98
CX
PFred Meyer
LHousehold:Office Supplies
^
D11/12'17
U-18.28
T-18.28
CX
PFred Meyer
LFood:Dining Out:Convenience
^
D11/12'17
U-127.53
T-127.53
CX
PFred Meyer
LFood:Groceries
^
D11/12'17
U-32.37
T-32.37
CX
PFred Meyer
Maudi 12.503
LAutomobile:Gasoline
^
D11/12'17
U-4.38
T-4.38
CX
PDeer Island Store
LCigarettes
^
D11/13'17
U-14.15
T-14.15
CX
PChevron
L--Split--
SCigarettes
$-6.58
SFood:Dining Out:Convenience
$-7.57
^
D11/13'17
U-5.25
T-5.25
CX
PEarth And Sun
M1
LBills:Wood Fuel
^
D11/14'17
U474.27
T474.27
CX
PCash
LOther Income:Cash
^
D11/14'17
U-42.01
T-42.01
CX
PChevron
Maudi 13.557
LAutomobile:Gasoline
^
D11/15'17
U-17.88
T-17.88
CX
PHudson Garbage
LBills:Garbage & Recycle
^
D11/15'17
U-130.48
T-130.48
CX
PCenturyLink
LBills:Online Services
^
D11/15'17
U-91.14
T-91.14
CX
PClatskanie PUD
LBills:Electricity
^
D11/15'17
U-100.00
T-100.00
CX
PBoost Mobile
LBills:Cellular Phone
^
D11/15'17
U-90.00
T-90.00
CX
PCity Of Rainier
LBills:Water & Sewer
^
D11/20'17
U-9.96
T-9.96
CX
PChevron
L--Split--
SCigarettes
$-6.58
SFood:Dining Out:Convenience
$-3.38
^
D11/20'17
U-5.25
T-5.25
CX
PEarth And Sun
M1
LBills:Wood Fuel
^
D11/21'17
U-8.76
T-8.76
CX
PChevron
L--Split--
SCigarettes
$-6.58
SFood:Dining Out:Convenience
$-2.18
^
D11/25'17
U-8.56
T-8.56
CX
PChevron
L--Split--
SCigarettes
$-6.58
SFood:Groceries
$-1.98
^
D11/25'17
U-10.36
T-10.36
CX
N161336
PHome Depot
M2
LBills:Wood Fuel
^
D11/27'17
U-6.58
T-6.58
CX
PChevron
LCigarettes
^
D11/28'17
U-6.58
T-6.58
CX
PChevron
LCigarettes
^
D11/29'17
U-18.78
T-18.78
CX
PWalmart
LFood:Groceries
^
D11/30'17
U0.24
T0.24
CX
NDIV
PSt. Helens Federal Credit Union
MDIVIDEND
LOther Income:Bank Dividend
^
D12/ 7'17
U-3.68
T-3.68
CX
PChevron
LCigarettes
^
D12/11'17
U462.11
T462.11
CX
PCash
LOther Income:Cash
^
D12/11'17
U-26.25
T-26.25
CX
PEarth And Sun
M5 bags
LBills:Wood Fuel
^
D12/12'17
U-8.58
T-8.58
CX
PChevron
L--Split--
SCigarettes
$-6.58
SFood:Dining Out:Convenience
$-2.00
^
D12/12'17
U-1.99
T-1.99
CX
PMicrosoft
Mphone app?
LHousehold:Office Supplies
^
D12/12'17
U-189.18
T-189.18
CX
PLCC Bookstore
LEducation:Books
^
D12/12'17
U-65.00
T-65.00
CX
PEl Tapatio
LFood:Dining Out
^
D12/13'17
U2,009.00
T2,009.00
CX
PSocial Security Deposit
MSSA TREAS 310 XXSOC SEC 111020
LRetirement Income:Social Security Benefits
^
D12/13'17
U-48.01
T-48.01
CX
PChevron
LAutomobile:Gasoline
^
D12/13'17
U-17.97
T-17.97
CX
PDeli Store Rainier
LFood:Dining Out
^
D12/13'17
U-91.00
T-91.00
CX
PCity Of Rainier
LBills:Water & Sewer
^
D12/13'17
U-465.40
T-465.40
CX
POregon Mutual Insurance
LInsurance:Auto
^
D12/14'17
U-535.80
T-535.80
CX
PSuperior Tire
Maudi brakes
LAutomobile:Maintance
^
D12/14'17
U-44.75
T-44.75
CX
PNew Moon Chinese
LFood:Dining Out
^
D12/14'17
U-778.73
T-778.73
CX
PWells Fargo Home Mortgage
MWF HOME MTG AUTO PAY 111120
L[Wells Fargo Home Mortgage]
^
D12/14'17
U-25.90
T-25.90
CX
N161335
PHome Depot
M5
LBills:Wood Fuel
^
D12/16'17
U-100.00
T-100.00
CX
PBoost Mobile
LBills:Cellular Phone
^
D12/16'17
U-6.58
T-6.58
CX
PChevron
LCigarettes
^
D12/19'17
U-9.47
T-9.47
CX
PChevron
LFood:Dining Out:Convenience
^
D12/19'17
U-6.58
T-6.58
CX
PChevron
LCigarettes
^
D12/19'17
U-16.66
T-16.66
CX
PChevron
LCigarettes
^
D12/24'17
U-17.56
T-17.56
CX
PChevron
LCigarettes
^
D12/26'17
U-8.25
T-8.25
CX
PWalmart
LFood:Groceries
^
D12/26'17
U-17.67
T-17.67
CX
PChevron
LAutomobile:Gasoline
^
D12/27'17
U-7.56
T-7.56
CX
PChevron
LCigarettes
^
D12/29'17
U189.18
T189.18
CX
PLCC Bookstore
Mbook refune
LEducation:Books
^
D12/31'17
U2.06
T2.06
P**VOID**Cash w
MDELETE 01/01/2018 BEGIN SHOULD BE 4.09
^
D12/31'17
U0.17
T0.17
CX
NDIV
PSt. Helens Federal Credit Union
MDIVIDEND
LOther Income:Bank Dividend
^
D12/31'17
U-6.58
T-6.58
CX
PChevron
LCigarettes
^
D12/31'17
U-162.00
T-162.00
CX
PKaiser Permanente
LInsurance:Health
^
D1/ 1'18
U1,000.00
T1,000.00
CX
PFrank Sharron
LOther Income:Gifts Received
^
D1/ 2'18
U-94.74
T-94.74
CX
PShari's
LFood:Dining Out
^
D1/ 2'18
U-300.52
T-300.52
CX
PLCC Bookstore
LEducation:Books
^
D1/ 2'18
U-12.95
T-12.95
CX
PWalmart
LHousehold:Non-Food Grocery
^
D1/ 2'18
U-28.74
T-28.74
CX
PTractor Supply
M6
LBills:Wood Fuel
^
D1/ 2'18
U-372.74
T-372.74
CX
NEFT
PSt. Helens Federal Credit Union
L[STHCCU]
^
D1/ 2'18
U-6.58
T-6.58
CX
PChevron
LCigarettes
^
D1/ 2'18
U-89.00
T-89.00
CX
PWalmart
LFood:Groceries
^
D1/ 3'18
U-35.00
T-35.00
CX
PBoost Wireless
LBills:Cellular Phone
^
D1/ 3'18
U-32.34
T-32.34
CX
PAmazon
Mself taught programmer & comp sci distilled
LTech:Office:Books
^
D1/ 4'18
U118.15
T118.15
CX
PCash
LOther Income:Cash
^
D1/ 4'18
U-13.94
T-13.94
CX
PChevron
LFood:Dining Out
^
D1/ 5'18
U-16.25
T-16.25
CX
PChevron
LFood:Dining Out
^
D1/ 5'18
U-19.02
T-19.02
CX
PWalamart
LFood:Groceries
^
D1/ 5'18
U-20.00
T-20.00
CX
PChevron
LAutomobile:Gasoline
^
D1/ 6'18
U-12.16
T-12.16
CX
PSherlocks
LFood:Dining Out
^
D1/ 8'18
U-23.83
T-23.83
CX
PChevron
L--Split--
SCigarettes
$-13.18
SFood:Dining Out
$-10.65
^
D1/ 8'18
U-10.50
T-10.50
CX
PEarth N Sun
M2
LBills:Wood Fuel
^
D1/10'18
U2,049.00
T2,049.00
CX
NDEP
PSocial Security
LRetirement Income:Social Security Benefits
^
D1/10'18
U643.54
T643.54
CX
PLower Columbia College
Mwork study
LWages & Salary:Gross Pay
^
D1/10'18
U-59.89
T-59.89
CX
PSushi Sakura
LFood:Dining Out
^
D1/10'18
U-130.48
T-130.48
CX
PCenturyLink
LBills:Online Services
^
D1/10'18
U-316.66
T-316.66
CX
NEFT
PClatskanie PUD
LBills:Electricity
^
D1/10'18
U-125.85
T-125.85
CX
PRoss
L--Split--
SClothing:Jonas
$-31.47
SClothing:Shalon
$-31.46
SClothing:Iven
$-31.46
SClothing:Oren
$-31.46
^
D1/11'18
U-11.76
T-11.76
CX
PChevron
L--Split--
SCigarettes
$-6.58
S
$0.00
SFood:Dining Out
$-5.18
^
D1/11'18
U-269.00
T-269.00
NPrint
POregon DMV
Mlicesnse renewal and tags for audi
LBills:Government Fees
^
D1/11'18
U-241.00
T-241.00
NPrint
POregon DMV
Morens test fee and title transfer
LGifts:Misc.
^
D1/11'18
U-75.56
T-75.56
CX
PFred Meyer
LFood:Groceries
^
D1/11'18
U-43.05
T-43.05
CX
PFultanos Pizza
LFood:Dining Out
^
D1/11'18
U-85.97
T-85.97
CX
PFred Meyer
Mepson ink
LHousehold:Office Supplies
^
D1/11'18
U-178.18
T-178.18
CX
PCity Of Rainier
LBills:Water & Sewer
^
D1/11'18
U-106.78
T-106.78
CX
PGoodwill
L--Split--
SClothing:Shalon
$-26.70
SClothing:Jonas
E26.70
$-26.70
SClothing:Iven
$-26.70
SClothing:Oren
$-26.68
^
D1/12'18
U-778.73
T-778.73
CX
PWells Fargo Home Mortgage
L[Wells Fargo Home Mortgage]
^
D1/13'18
U-16.34
T-16.34
CX
PChevron
L--Split--
SCigarettes
$-6.58
S
$0.00
SFood:Dining Out
$-9.76
^
D1/14'18
U-57.98
T-57.98
CX
PThe Pet Works
LHousehold:Non-Food Grocery
^
D1/14'18
U-38.75
T-38.75
CX
PWalmart
L--Split--
SFood:Groceries
$-28.87
S
$0.00
SHousehold:Non-Food Grocery
$-9.88
^
D1/16'18
U-5.67
T-5.67
CX
PChevron
LCigarettes
^
D1/17'18
U-14.14
T-14.14
CX
PChevron
L--Split--
SCigarettes
$-6.58
S
$0.00
SFood:Groceries
$-7.56
^
D1/17'18
U-5.00
T-5.00
CX
PKaiser Permanente
MDr. Gonzales
LHealthcare:Physician
^
D1/17'18
U-45.20
T-45.20
CX
PKaiser Permanente
LHealthcare:Prescriptions
^
D1/17'18
U-62.72
T-62.72
CX
PAmazon
Mlearning python
LTech:Office:Books
^
D1/18'18
U-15.57
T-15.57
CX
PChevron
L--Split--
SCigarettes
$-4.58
SAutomobile:Gasoline
Eaudi 3.2
$-10.00
SFood:Groceries
$-0.99
^
D1/18'18
U-6.53
T-6.53
CX
PAmazon
Mpython pocket refer
LTech:Office:Books
^
D1/19'18
U170.41
T170.41
CX
PCash
LOther Income:Cash
^
D1/19'18
U-13.55
T-13.55
CX
PChevron
L--Split--
SCigarettes
$-6.58
S
$0.00
SFood:Dining Out
$-6.97
^
D1/19'18
U-10.98
T-10.98
CX
PChevron
LFood:Groceries
^
D1/19'18
U-75.25
T-75.25
CX
PLuigis Pizza
LFood:Dining Out
^
D1/19'18
U-10.50
T-10.50
CX
PEarth N Sun
M2
LBills:Wood Fuel
^
D1/20'18
U-80.10
T-80.10
CX
PWalamart
LFood:Groceries
^
D1/21'18
U-6.58
T-6.58
CX
PChevron
LCigarettes
^
D1/23'18
U-7.42
T-7.42
CX
PChevron
LAutomobile:Gasoline
^
D1/31'18
U0.24
T0.24
CX
NDIV
PSt. Helens Federal Credit Union
MDIVIDEND
LOther Income:Bank Dividend
^
D2/14'18
U2,049.00
T2,049.00
CX
NDEP
PSocial Security
LRetirement Income:Social Security Benefits
^
D2/14'18
U-6.68
T-6.68
CX
PChevron
LCigarettes
^
D2/14'18
U-135.45
T-135.45
CX
PWalmart
LFood:Groceries
^
D2/14'18
U-465.40
T-465.40
CX
POregon Mutual Insurance
LInsurance:Auto
^
D2/15'18
U-12.56
T-12.56
CX
PChevron
L--Split--
SCigarettes
$-6.68
S
$0.00
SFood:Dining Out
$-5.88
^
D2/15'18
U-6.68
T-6.68
CX
PChevron
LCigarettes
^
D2/15'18
U-37.01
T-37.01
CX
PTractor Supply
L--Split--
SBills:Wood Fuel
E6
$-28.74
SFood:Groceries
$-8.27
^
D2/15'18
U-41.10
T-41.10
CX
PChevron
Maudi 12.9
LAutomobile:Gasoline
^
D2/15'18
U-152.90
T-152.90
CX
PWalmart
L--Split--
SFood:Groceries
$-74.00
SAutomobile:Parts
Eoil
$-25.47
SHousehold:Non-Food Grocery
$-53.43
^
D2/16'18
U-57.82
T-57.82
CX
PChevron
L--Split--
SCigarettes
$-6.68
SAutomobile:Gasoline
Eaudi 11.7
$-37.29
SFood:Dining Out
$-13.85
^
D2/16'18
U-11.54
T-11.54
CX
PAmPm
LFood:Dining Out
^
D2/16'18
U-15.00
T-15.00
CX
PKaiser Permanente
LHealthcare:Prescriptions
^
D2/16'18
U-778.73
T-778.73
CX
PWells Fargo Home Mortgage
L[Wells Fargo Home Mortgage]
^
D2/17'18
U-5.97
T-5.97
CX
PThe Pet Works
LHousehold:Non-Food Grocery
^
D2/17'18
U-57.00
T-57.00
CX
PGoodwill
LClothing:Jonas
^
D2/17'18
U-41.69
T-41.69
CX
PPho Ever
LFood:Dining Out
^
D2/17'18
U-49.00
T-49.00
CX
PAmazon
LLeisure:Subscriptions
^
D2/18'18
U-84.91
T-84.91
CX
PWalmart
L--Split--
SFood:Groceries
$-73.31
SHousehold:Office Supplies
Epaper
$-3.72
SAutomobile:Parts
Eoil
$-7.88
^
D2/18'18
U-31.74
T-31.74
CX
PMcdonalds
LFood:Dining Out
^
D2/18'18
U-8.98
T-8.98
CX
PKmart
LFood:Groceries
^
D2/18'18
U-10.00
T-10.00
CX
PKaiser Permanente
LHealthcare:Prescriptions
^
D2/20'18
U-6.68
T-6.68
CX
PChevron
LCigarettes
^
D2/20'18
U-10.50
T-10.50
CX
PEarth N Sun
M2
LBills:Wood Fuel
^
D2/22'18
U-10.18
T-10.18
CX
PChevron
L--Split--
SCigarettes
$-6.68
S
$0.00
SFood:Dining Out
$-3.50
^
D2/23'18
U-10.00
T-10.00
CX
PChevron
Maudi 3.1
LAutomobile:Gasoline
^
D2/28'18
U0.14
T0.14
CX
NDIV
PSt. Helens Federal Credit Union
MDIVIDEND
LOther Income:Bank Dividend
^
D3/ 8'18
U-3.18
T-3.18
CX
PChevron
LCigarettes
^
D3/14'18
U2,049.00
T2,049.00
CX
NDEP
PSocial Security
LRetirement Income:Social Security Benefits
^
D3/14'18
U-6.68
T-6.68
CX
PChevron
LCigarettes
^
D3/14'18
U-65.31
T-65.31
CX
PIndy Way Diner
LFood:Dining Out
^
D3/14'18
U-25.90
T-25.90
CX
PHome Depot
M5
LBills:Wood Fuel
^
D3/14'18
U-372.74
T-372.74
CX
NEFT
PSt. Helens Federal Credit Union
L[STHCCU]
^
D3/14'18
U-383.95
T-383.95
CX
NEFT
PClatskanie PUD
LBills:Electricity
^
D3/14'18
U-5.99
T-5.99
CX
PGoogle Play
Mconversion calculator
LHousehold:Office Supplies
^
D3/15'18
U-40.00
T-40.00
CX
PCash
Mlawn
LHome Improvement:Landscape & Gardening
^
D3/16'18
U-29.57
T-29.57
CX
PFred Meyer
L--Split--
SHousehold:Non-Food Grocery
$-9.99
S
$0.00
SFood:Groceries
$-19.58
^
D3/16'18
U-14.95
T-14.95
CX
PAudiable
LLeisure:Subscriptions
^
D3/16'18
U-783.62
T-783.62
CX
PWells Fargo Home Mortgage
L[Wells Fargo Home Mortgage]
^
D3/16'18
U-9.99
T-9.99
CX
PGoogle
Mpodcasts
LLeisure:Entertaining
^
D3/17'18
U-15.61
T-15.61
CX
PChevron
L--Split--
SCigarettes
$-6.68
SFood:Groceries
$-8.93
^
D3/17'18
U-100.00
T-100.00
CX
PBoost Wireless
LBills:Cellular Phone
^
D3/18'18
U-100.00
T-100.00
CX
PCity Of Rainier
LBills:Water & Sewer
^
D3/19'18
U-11.85
T-11.85
CX
PChevron
L--Split--
SCigarettes
$-6.68
SFood:Groceries
$-5.17
^
D3/19'18
U-10.00
T-10.00
CX
PChevron
Maudi 3.1
LAutomobile:Gasoline
^
D3/20'18
U-7.77
T-7.77
CX
PChevron
L--Split--
SCigarettes
$-6.68
SFood:Groceries
$-1.09
^
D3/20'18
U-30.97
T-30.97
CX
PDon Pedros
LFood:Dining Out
^
D3/20'18
U-10.50
T-10.50
CX
PEarth N Sun
M2
LBills:Wood Fuel
^
D3/22'18
U-6.68
T-6.68
CX
PChevron
LCigarettes
^
D3/24'18
U-6.68
T-6.68
CX
PChevron
LCigarettes
^
D3/26'18
U-6.68
T-6.68
CX
PChevron
LCigarettes
^
D3/28'18
U1,693.61
T1,693.61
CX
PInternal Revenue Service
LOther Income:Federal Tax Refund
^
D3/28'18
U-52.79
T-52.79
CX
PChevron
L--Split--
SCigarettes
$-6.68
SAutomobile:Gasoline
Eaudi 13.8
$-46.11
^
D3/28'18
U-34.05
T-34.05
CX
PWalmart
LFood:Groceries
^
D3/28'18
U-98.86
T-98.86
CX
PSushi Sakura
LFood:Dining Out
^
D3/28'18
U-33.64
T-33.64
CX
PHome Depot
M6
LBills:Wood Fuel
^
D3/28'18
U-58.48
T-58.48
CX
PHudson Garbage Services
LBills:Garbage & Recycle
^
D3/28'18
U-751.20
T-751.20
CX
POregon Mutual Insurance
LInsurance:Auto
^
D3/28'18
U-92.91
T-92.91
CX
PAmazon
MLogitech 910-005137 MX Master 25 Wireless Mouse
LTech:Office:Supplies
^
D3/28'18
U-84.99
T-84.99
CX
PAmazon
MMCSA Suite to Administerinf Microsoft Windows Server 2012/R2 LCC
LEducation:Books
^
D3/28'18
U-72.50
T-72.50
CX
PAmazon
MDell 500GB 2.5" Constellation Drives (x2)
LTech:IT:Equipment
^
D3/29'18
U-6.68
T-6.68
CX
PChevron
LCigarettes
^
D3/29'18
U-5.19
T-5.19
CX
PWalmart
LHousehold:Non-Food Grocery
^
D3/29'18
U-10.00
T-10.00
CX
PKaiser Permanente
MDr. Khurma
LHealthcare:Physician
^
D3/29'18
U-10.00
T-10.00
CX
PKaiser Permanente
LHealthcare:Prescriptions
^
D3/29'18
U-14.95
T-14.95
CX
PAudiable
LLeisure:Subscriptions
^
D3/29'18
U-20.00
T-20.00
CX
PCollege Transcript
LEducation:Fees
^
D3/29'18
U-307.67
T-307.67
CX
PCity Of Rainier
LBills:Water & Sewer
^
D3/29'18
U-4.99
T-4.99
CX
PPlex Pass
LLeisure:Subscriptions
^
D3/30'18
U-11.39
T-11.39
CX
PLCC Bookstore
LEducation:Books
^
D3/31'18
U0.16
T0.16
CX
NDIV
PSt. Helens Federal Credit Union
MDIVIDEND
LOther Income:Bank Dividend
^
D4/ 1'18
U-6.68
T-6.68
CX
PChevron
LCigarettes
^
D4/ 2'18
U-6.68
T-6.68
CX
PChevron
LCigarettes
^
D4/ 4'18
U-6.68
T-6.68
CX
PChevron
LCigarettes
^
D4/ 5'18
U-6.68
T-6.68
CX
PChevron
LCigarettes
^
D4/11'18
U2,049.00
T2,049.00
CX
NDEP
PSocial Security
LRetirement Income:Social Security Benefits
^
D4/11'18
U-11.17
T-11.17
CX
PChevron
L--Split--
SCigarettes
$-6.79
SFood:Groceries
$-4.38
^
D4/11'18
U-132.15
T-132.15
CX
PUrban Saloon
LFood:Dining Out
^
D4/11'18
U-25.90
T-25.90
CX
PHome Depot
M5
LBills:Wood Fuel
^
D4/11'18
U-61.00
T-61.00
CX
PGoodwill
LClothing:Jonas
^
D4/11'18
U-7.99
T-7.99
CX
PGame Stop
Mpop case
LGifts:Misc.
^
D4/12'18
U-7.88
T-7.88
CX
PChevron
L--Split--
SCigarettes
$-6.79
S
$0.00
SFood:Dining Out
$-1.09
^
D4/12'18
U-76.13
T-76.13
CX
PFred Meyer
L--Split--
SHousehold:Non-Food Grocery
$-14.99
S
$0.00
SFood:Groceries
$-61.14
^
D4/12'18
U-40.44
T-40.44
CX
PFred Meyer
M13.9
LAutomobile:Gasoline
^
D4/12'18
U-45.53
T-45.53
CX
PKaiser Permanente
LHealthcare:Prescriptions
^
D4/12'18
U-143.98
T-143.98
CX
PAmazon
L--Split--
STech:Office:Books
Ebuilding virtual machine labs
$-35.00
STech:IT:Equipment
Enetgear cm700 cable router
$-99.99
STech:Office:Supplies
ERS232 25ft DB fem/fem serial cable
$-8.99
^
D4/12'18
U-110.97
T-110.97
CX
PEbay
MHP 300GB 2.5" SAS drives (x3)
LTech:IT:Equipment
^
D4/12'18
U-89.99
T-89.99
CX
PFred Meyer
LFood:Groceries
^
D4/13'18
U90.00
T90.00
CX
PCash
LOther Income:Cash
^
D4/13'18
U169.27
T169.27
CX
PCash
LOther Income:Cash
^
D4/13'18
U-486.00
T-486.00
CX
PKaiser Permanente
LInsurance:Health
^
D4/13'18
U-21.09
T-21.09
CX
PSubway
LFood:Dining Out
^
D4/13'18
U-16.32
T-16.32
CX
PAmazon
MProgramming in Visual C# 2008 LCC CLASS
LEducation:Books
^
D4/14'18
U-49.99
T-49.99
CX
PLogitech
Mflow keyboard
LTech:Office:Supplies
^
D4/15'18
U-2.76
T-2.76
CX
PLoves
LFood:Dining Out
^
D4/15'18
U-5.00
T-5.00
CX
PLoves
LFood:Dining Out
^
D4/16'18
U-6.79
T-6.79
CX
PChevron
LCigarettes
^
D4/16'18
U-783.62
T-783.62
CX
PWells Fargo Home Mortgage
L[Wells Fargo Home Mortgage]
^
D4/16'18
U-100.00
T-100.00
CX
PBoost Wireless
LBills:Cellular Phone
^
D4/18'18
U-11.17
T-11.17
CX
PChevron
L--Split--
SCigarettes
$-6.79
SFood:Groceries
$-4.38
^
D4/18'18
U-10.50
T-10.50
CX
PEarth N Sun
M2
LBills:Wood Fuel
^
D4/18'18
U-35.00
T-35.00
CX
PChevron
LFood:Groceries
^
D4/19'18
U-11.38
T-11.38
CX
PChevron
L--Split--
SCigarettes
$-6.79
SFood:Groceries
$-4.59
^
D4/19'18
U-4.03
T-4.03
CX
PChevron
LCigarettes
^
D4/21'18
U-5.79
T-5.79
CX
PChevron
LCigarettes
^
D4/21'18
U-5.79
T-5.79
CX
PChevron
LCigarettes
^
D4/30'18
U0.27
T0.27
CX
NDIV
PSt. Helens Federal Credit Union
MDIVIDEND
LOther Income:Bank Dividend
^
D5/ 9'18
U2,049.00
T2,049.00
CX
NDEP
PSocial Security
LRetirement Income:Social Security Benefits
^
D5/ 9'18
U-5.38
T-5.38
CX
PChevron
LFood:Dining Out
^
D5/ 9'18
U-186.37
T-186.37
CX
NEFT
PSt. Helens Federal Credit Union
L[STHCCU]
^
D5/ 9'18
U-4.99
T-4.99
CX
PChevron
LCigarettes
^
D5/10'18
U-40.00
T-40.00
CX
PCash
Mlawn
LHome Improvement:Landscape & Gardening
^
D5/10'18
U-59.67
T-59.67
CX
PEl Tapatio
LFood:Dining Out
^
D5/10'18
U-10.88
T-10.88
CX
PChevron
L--Split--
SCigarettes
$-6.79
S
$0.00
SFood:Dining Out
$-4.09
^
D5/10'18
U-33.75
T-33.75
CX
PKaiser Permanente
LHealthcare:Prescriptions
^
D5/10'18
U-11.50
T-11.50
CX
PDollar General
LFood:Groceries
^
D5/10'18
U-407.21
T-407.21
CX
NEFT
PClatskanie PUD
LBills:Electricity
^
D5/10'18
U-258.90
T-258.90
CX
POregon Mutual Insurance
LInsurance:Auto
^
D5/10'18
U-11.10
T-11.10
CX
PAmazon
LHousehold:Kitchen Supplies
^
D5/10'18
U-14.95
T-14.95
CX
PAudiable
LLeisure:Subscriptions
^
D5/11'18
U-60.87
T-60.87
CX
PChevron
L--Split--
SCigarettes
$-6.79
SAutomobile:Gasoline
E14.1
$-49.25
SFood:Dining Out
$-4.83
^
D5/13'18
U-16.73
T-16.73
CX
PChevron
LCigarettes
^
D5/14'18
U-29.97
T-29.97
CX
PAmazon
LHousehold:Kitchen Supplies
^
D5/15'18
U-6.79
T-6.79
CX
PChevron
LCigarettes
^
D5/15'18
U-783.62
T-783.62
CX
PWells Fargo Home Mortgage
L[Wells Fargo Home Mortgage]
^
D5/16'18
U-6.79
T-6.79
CX
PChevron
LCigarettes
^
D5/16'18
U-100.00
T-100.00
CX
PBoost Wireless
LBills:Cellular Phone
^
D5/31'18
U0.27
T0.27
CX
NDIV
PSt. Helens Federal Credit Union
MDIVIDEND
LOther Income:Bank Dividend
^
D6/13'18
U2,049.00
T2,049.00
CX
NDEP
PSocial Security
LRetirement Income:Social Security Benefits
^
D6/13'18
U0.00
T0.00
CX
P**VOID**Chevron
L--Split--
SCigarettes
$0.00
S
$0.00
SFood:Dining Out
$0.00
^
D6/13'18
U-17.56
T-17.56
CX
PChevron
L--Split--
SCigarettes
$-6.79
SFood:Dining Out
$-10.77
^
D6/13'18
U-186.37
T-186.37
CX
NEFT
PSt. Helens Federal Credit Union
L[STHCCU]
^
D6/13'18
U-186.37
T-186.37
CX
NEFT
PSt. Helens Federal Credit Union
L[STHCCU]
^
D6/13'18
U-110.00
T-110.00
CX
PFred Meyer
LFood:Groceries
^
D6/14'18
U0.00
T0.00
CX
P**VOID**Chevron
LCigarettes
^
D6/14'18
U-21.87
T-21.87
CX
PKaiser Permanente
LHealthcare:Prescriptions
^
D6/14'18
U-14.95
T-14.95
CX
PAudiable
LLeisure:Subscriptions
^
D6/14'18
U-103.52
T-103.52
CX
PEl Tapatio
LFood:Dining Out
^
D6/14'18
U-33.50
T-33.50
CX
N2002
PCash
Mlawn
LFood:Groceries
^
D6/15'18
U-21.95
T-21.95
CX
PGoodwill
MDEBIT CARD DEBIT 02-13-2020
L--Split--
SClothing:Shalon
$-8.99
SClothing:Jonas
$-12.96
^
D6/15'18
U-20.00
T-20.00
CX
PCash
Mlawn
LHome Improvement:Landscape & Gardening
^
D6/16'18
U-11.76
T-11.76
CX
PChevron
L--Split--
SCigarettes
$-6.79
SFood:Groceries
$-4.97
^
D6/17'18
U-43.45
T-43.45
CX
PHome Depot
LHome Improvement:Materials
^
D6/17'18
U-20.25
T-20.25
CX
PChevron
L--Split--
SCigarettes
$-6.79
SFood:Groceries
$-13.46
^
D6/17'18
U-100.00
T-100.00
CX
PBoost Wireless
LBills:Cellular Phone
^
D6/18'18
U-43.75
T-43.75
CX
PGoble Tavern
LFood:Dining Out
^
D6/19'18
U-33.60
T-33.60
CX
PIndy Way Diner
LFood:Dining Out
^
D6/19'18
U-40.00
T-40.00
CX
PCash
Mlawn
LHome Improvement:Landscape & Gardening
^
D6/19'18
U-50.81
T-50.81
CX
PHome Depot
Mwindow film
LHome Improvement:Materials
^
D6/19'18
U-6.79
T-6.79
CX
PChevron
LCigarettes
^
D6/19'18
U-783.62
T-783.62
CX
PWells Fargo Home Mortgage
L[Wells Fargo Home Mortgage]
^
D6/19'18
U-6.79
T-6.79
CX
PChevron
LCigarettes
^
D6/20'18
U-9.97
T-9.97
CX
PChevron
L--Split--
SCigarettes
$-6.79
SFood:Dining Out
$-3.18
^
D6/20'18
U-90.00
T-90.00
CX
NEFT
PClatskanie PUD
LBills:Electricity
^
D6/22'18
U-43.25
T-43.25
CX
PWalmart
LFood:Groceries
^
D6/22'18
U-33.96
T-33.96
CX
PChevron
L--Split--
SCigarettes
$-6.79
SAutomobile:Gasoline
$-20.00
SFood:Dining Out
$-7.17
^
D6/23'18
U-13.58
T-13.58
CX
PChevron
LCigarettes
^
D6/30'18
U0.34
T0.34
CX
NDIV
PSt. Helens Federal Credit Union
MDIVIDEND
LOther Income:Bank Dividend
^
D6/30'18
U-1.79
T-1.79
CX
PChevron
LCigarettes
^
D7/ 5'18
U300.00
T300.00
CX
PCash
LOther Income
^
D7/ 6'18
U-6.38
T-6.38
CX
PChevron
L--Split--
SCigarettes
$-5.29
SFood:Groceries
$-1.09
^
D7/ 6'18
U-127.46
T-127.46
CX
PXfinity
L--Split--
SBills:Online Services
$-100.99
SBills:Cable Television
$-26.47
^
D7/ 6'18
U-163.00
T-163.00
CX
PKaiser Permanente
LInsurance:Health
^
D7/ 7'18
U-0.89
T-0.89
CX
PGrocery Outlet
LFood:Groceries
^
D7/11'18
U-48.27
T-48.27
CX
PChevron
MAudi 13.49
LAutomobile:Gasoline
^
D7/11'18
U-6.79
T-6.79
CX
PChevron
LCigarettes
^
D7/12'18
U-8.97
T-8.97
CX
PChevron
L--Split--
SCigarettes
$-6.97
SFood:Groceries
$-2.00
^
D7/12'18
U-92.39
T-92.39
CX
PGrocery Outlet
LFood:Groceries
^
D7/12'18
U-229.88
T-229.88
CX
PClatskanie PUD
LBills:Electricity
^
D7/12'18
U-501.80
T-501.80
CX
NEFT
POregon Mutual Insurance
MK94589
LInsurance:Auto
^
D7/12'18
U-44.89
T-44.89
CX
NEst.
PGolden Coral
M$44.89
LFood:Dining Out
^
D7/13'18
U-8.97
T-8.97
CX
PChevron
L--Split--
SCigarettes
$-6.97
SFood:Groceries
$-2.00
^
D7/14'18
U2,049.00
T2,049.00
CX
NDEP
PSocial Security
LRetirement Income:Social Security Benefits
^
D7/14'18
U-6.79
T-6.79
CX
PChevron
LCigarettes
^
D7/14'18
U-783.62
T-783.62
CX
PWells Fargo Home Mortgage
M0043492016
L[Wells Fargo Home Mortgage]
^
D7/14'18
U-14.57
T-14.57
CX
PAmazon
Mkvm video cable, usb-ps2 dongle
LTech:IT:Equipment
^
D7/14'18
U-14.95
T-14.95
CX
PAmazon
Maudiable
LLeisure:Subscriptions
^
D7/15'18
U-78.87
T-78.87
CX
PWalmart
L--Split--
SHousehold:Office Supplies
Eprinter ink, labels, lens wipes
$-74.39
SFood:Groceries
$-4.48
^
D7/15'18
U-12.87
T-12.87
CX
PChevron
L--Split--
SCigarettes
$-6.79
SFood:Dining Out
$-6.08
^
D7/16'18
U-10.67
T-10.67
CX
PChevron
L--Split--
SCigarettes
$-6.97
SFood:Dining Out
$-3.70
^
D7/16'18
U-100.00
T-100.00
CX
PBoost Wireless
LBills:Cellular Phone
^
D7/17'18
U-13.69
T-13.69
CX
PChevron
L--Split--
SAutomobile:Gasoline
Edodge 2.84
$-9.60
SFood:Dining Out
$-4.09
^
D7/17'18
U-31.91
T-31.91
CX
PGrocery Outlet
L--Split--
SFood:Groceries
$-19.92
SHousehold:Non-Food Grocery
Etp
$-11.99
^
D7/18'18
U-6.50
T-6.50
CX
PDollar General
LCigarettes
^
D7/18'18
U-17.35
T-17.35
CX
PGrocery Outlet
LFood:Groceries
^
D7/19'18
U-6.79
T-6.79
CX
PChevron
LCigarettes
^
D7/19'18
U-6.27
T-6.27
CX
PGrocery Outlet
LFood:Groceries
^
D7/21'18
U-1.09
T-1.09
CX
PChevron
LFood:Groceries
^
D7/26'18
U773.22
T773.22
CX
NEFT
POregon Mutual Insurance
MK94589
LOther Income:Cash
^
D7/26'18
U-169.80
T-169.80
CX
PWalmart
L--Split--
SHousehold:Furnishings
Ebookcases
$-49.92
SFood:Groceries
$-10.96
SHousehold:Kitchen Supplies
Esouse vide
$-79.92
SHousehold:Home Supplies
Eroku
$-29.00
^
D7/26'18
U-137.53
T-137.53
CX
PHome Depot
LTech:Hobby:Tools
^
D7/26'18
U-53.26
T-53.26
CX
PChevron
L--Split--
SAutomobile:Gasoline
E12.68 Audi
$-45.38
SFood:Groceries
$-1.09
SCigarettes
$-6.79
^
D7/27'18
U-215.48
T-215.48
CX
PCash & Carry
L--Split--
SFood:Groceries
$-190.00
SHousehold:Non-Food Grocery
Edeli containers
$-25.48
^
D7/27'18
U-134.69
T-134.69
CX
PHarbor Freight
LTech:Hobby:Tools
^
D7/28'18
U-29.28
T-29.28
CX
PGrocery Outlet
LFood:Groceries
^
D7/28'18
U-14.95
T-14.95
CX
PAudiable
LLeisure:Subscriptions
^
D7/29'18
U-14.86
T-14.86
CX
PGrocery Outlet
LFood:Groceries
^
D7/31'18
U0.32
T0.32
CX
PSt. Helens Federal Credit Union
LOther Income:Bank Dividend
^
D7/31'18
U-4.00
T-4.00
CX
PCity Of Portland
Mparking
LBills:Government Fees
^
D8/ 1'18
U-3.34
T-3.34
CX
PChevron
LFood:Groceries
^
D8/ 4'18
U1.00
T1.00
CX
PSt. Helens Federal Credit Union
LOther Income:Refund
^
D8/ 8'18
U1,915.00
T1,915.00
CX
NDEP
PSocial Security
LRetirement Income:Social Security Benefits
^
D8/ 8'18
U-61.72
T-61.72
CX
PEl Tapatio
LFood:Dining Out
^
D8/ 8'18
U-52.32
T-52.32
CX
PIndy Way Diner
LFood:Dining Out
^
D8/ 8'18
U-421.28
T-421.28
CX
PCity Of Rainier
LBills:Water & Sewer
^
D8/ 9'18
U-65.75
T-65.75
CX
PWalmart
L--Split--
SHousehold:Kitchen Supplies
Emason lids
$-2.64
SFood:Groceries
$-63.11
^
D8/ 9'18
U-51.66
T-51.66
CX
PGrocery Outlet
LFood:Groceries
^
D8/ 9'18
U-6.50
T-6.50
CX
PDollar General
LCigarettes
^
D8/ 9'18
U-59.16
T-59.16
CX
PHome Depot
L--Split--
SHousehold:Kitchen Supplies
Egrill brush, sink strainers
$-14.30
SHousehold:Non-Food Grocery
Ebatteries
$-15.98
SHome Improvement:Landscape & Gardening
Ehose sprayers
$-28.88
^
D8/10'18
U-51.43
T-51.43
CX
PGrocery Outlet
LFood:Groceries
^
D8/10'18
U-6.79
T-6.79
CX
PChevron
LCigarettes
^
D8/10'18
U-6.68
T-6.68
CX
PGrocery Outlet
LFood:Groceries
^
D8/11'18
U-180.14
T-180.14
CX
PFred Meyer
L--Split--
SFood:Groceries
$-101.02
SHousehold:Kitchen Supplies
Ecanning lids, scale, scoop
$-41.94
SHome Improvement:Other
Ehoneywell door lock
$-31.99
STech:Hobby:Tools
Emagnifier
$-5.19
^
D8/11'18
U-6.79
T-6.79
CX
PChevron
LCigarettes
^
D8/12'18
U-783.62
T-783.62
CX
NEFT
PWells Fargo Home Mortgage
M0812483784*
L[Wells Fargo Home Mortgage]
^
D8/13'18
U188.00
T188.00
CX
PTransfer Money
L[Cash Account]
^
D8/13'18
U-6.79
T-6.79
CX
PChevron
LCigarettes
^
D8/13'18
U-34.95
T-34.95
CX
PFred Meyer
LFood:Groceries
^
D8/13'18
U-40.38
T-40.38
CX
PFred Meyer
Maudi 12.09
LAutomobile:Gasoline
^
D8/13'18
U-127.46
T-127.46
CX
PXfinity
M#2698251022
L--Split--
SBills:Online Services
$-100.99
SBills:Cable Television
$-26.47
^
D8/13'18
U-59.74
T-59.74
CX
PHudson Garbage Services
LBills:Garbage & Recycle
^
D8/16'18
U-7.08
T-7.08
CX
PChevron
LCigarettes
^
D8/17'18
U-5.47
T-5.47
CX
PChevron
LCigarettes
^
D8/18'18
U-9.94
T-9.94
CX
PSpencer Lake Grocery
LCigarettes
^
D8/19'18
U-30.21
T-30.21
CX
PAmPm
L--Split--
SCigarettes
$-9.37
SAutomobile:Gasoline
Eaudi
$-20.84
^
D8/20'18
U-17.08
T-17.08
CX
PChevron
L--Split--
SCigarettes
$-6.79
SFood:Groceries
$-10.29
^
D8/21'18
U-6.79
T-6.79
CX
PChevron
LCigarettes
^
D8/23'18
U-2.99
T-2.99
CX
PChevron
LCigarettes
^
D8/24'18
U-0.64
T-0.64
CX
PChevron
LCigarettes
^
D8/31'18
U0.30
T0.30
CX
PSt. Helens Federal Credit Union
LOther Income:Bank Dividend
^
D9/ 7'18
U-127.46
T-127.46
CX
NEFT
PXfinity
M#4775688081
L--Split--
SBills:Online Services
$-100.99
SBills:Cable Television
$-26.47
^
D9/12'18
U1,915.00
T1,915.00
CX
NDEP
PSocial Security
LRetirement Income:Social Security Benefits
^
D9/12'18
U-186.37
T-186.37
CX
NEFT
PSt. Helens Federal Credit Union
L[STHCCU]
^
D9/12'18
U-783.62
T-783.62
CX
NEFT
PWells Fargo Home Mortgage
M0812483784*
L[Wells Fargo Home Mortgage]
^
D9/12'18
U-501.80
T-501.80
CX
NEFT
POregon Mutual Insurance
MK94589
LInsurance:Auto
^
D9/12'18
U-6.79
T-6.79
CX
PChevron
LCigarettes
^
D9/12'18
U-50.59
T-50.59
CX
PGrocery Outlet
LFood:Groceries
^
D9/13'18
U-30.73
T-30.73
CX
PCornerstone Cafe
LFood:Dining Out
^
D9/13'18
U-26.80
T-26.80
CX
PChevron
L--Split--
SCigarettes
$-6.79
SAutomobile:Gasoline
Eaudi 5.62
$-20.01
^
D9/14'18
U-70.12
T-70.12
CX
PBoost Wireless
LBills:Cellular Phone
^
D9/14'18
U-5.00
T-5.00
CX
PDollar General
LCigarettes
^
D9/15'18
U-30.91
T-30.91
CX
PGrocery Outlet
LFood:Groceries
^
D9/15'18
U-14.37
T-14.37
CX
PTractor Supply
M3
LBills:Wood Fuel
^
D9/16'18
U-7.88
T-7.88
CX
PChevron
L--Split--
SCigarettes
$-6.79
SFood:Groceries
$-1.09
^
D9/16'18
U-44.82
T-44.82
CX
PGrocery Outlet
LFood:Groceries
^
D9/16'18
U-5.17
T-5.17
CX
PGrocery Outlet
LHousehold:Non-Food Grocery
^
D9/17'18
U3,000.00
T3,000.00
CX
PFrank Sharron
LOther Income:Gifts Received
^
D9/17'18
U-186.37
T-186.37
CX
NEFT
PSt. Helens Federal Credit Union
L[STHCCU]
^
D9/17'18
U-186.37
T-186.37
CX
NEFT
PSt. Helens Federal Credit Union
L[STHCCU]
^
D9/17'18
U-33.65
T-33.65
CX
PGrocery Outlet
LHousehold:Non-Food Grocery
^
D9/17'18
U-6.50
T-6.50
CX
PDollar General
LCigarettes
^
D9/17'18
U-158.89
T-158.89
CX
PFred Meyer
L--Split--
SFood:Groceries
$-115.92
SHousehold:Kitchen Supplies
E14" skillets (2)
$-29.98
SLeisure:Kitchen Education
Ebread cookbook
$-12.99
^
D9/17'18
U-51.79
T-51.79
CX
NEFT
PHudson Garbage Services
LBills:Garbage & Recycle
^
D9/17'18
U-151.99
T-151.99
CX
NEFT
PXfinity
M#4775688081
L--Split--
SBills:Online Services
$-100.99
SBills:Cable Television
$-26.47
SBank Charges:Late Charge
$-24.53
^
D9/17'18
U-281.23
T-281.23
CX
NEFT
PClatskanie PUD
LBills:Electricity
^
D9/17'18
U-513.30
T-513.30
CX
NEFT
POregon Mutual Insurance
MConfirmation Number:	  	K96126
LInsurance:Auto
^
D9/18'18
U-298.78
T-298.78
CX
PCash & Carry
L--Split--
SFood:Groceries
$-281.08
SHousehold:Kitchen Supplies
Etongs & towels
$-17.70
^
D9/18'18
U-8.88
T-8.88
CX
PChevron
L--Split--
SCigarettes
$-6.79
SFood:Groceries
$-2.09
^
D9/18'18
U-22.44
T-22.44
CX
PWalmart
L--Split--
SFood:Groceries
$-9.50
SClothing:Shalon
Ehoodie
$-12.94
^
D9/18'18
U-14.00
T-14.00
CX
PDCP Hobbies
Mpops for iven
LLeisure:Toys & Games
^
D9/18'18
U-43.54
T-43.54
CX
PSmartStyle
Mjonas and shalon
LPersonal Care
^
D9/18'18
U-49.43
T-49.43
CX
PMcMenamins
LFood:Dining Out
^
D9/18'18
U-37.00
T-37.00
CX
PHometown Pizza
LFood:Dining Out
^
D9/19'18
U-60.00
T-60.00
CX
PCostco
L--Split--
SFood:Groceries
Eannual fee
$-30.00
SHousehold:Non-Food Grocery
Eannual fee
$-30.00
^
D9/20'18
U-17.48
T-17.48
CX
PChevron
L--Split--
SCigarettes
$-6.79
SFood:Groceries
$-10.69
^
D9/20'18
U-139.98
T-139.98
CX
PEbay
Maccess points
LTech:IT:Equipment
^
D9/20'18
U-163.00
T-163.00
CX
PEbay
Mswitch
LTech:IT:Equipment
^
D9/21'18
U-57.36
T-57.36
CX
PChevron
L--Split--
SCigarettes
$-6.79
SAutomobile:Gasoline
Eaudi 12.41
$-44.15
SFood:Dining Out
$-6.42
^
D9/21'18
U-476.18
T-476.18
CX
PCostco
L--Split--
SLeisure:Kitchen Education
Ecookbook
$-11.49
SHousehold:Home Supplies
Ehampers
$-59.98
SHousehold:Kitchen Supplies
Esnap ware & towels
$-42.98
SHome Improvement:Materials
Eoutlets
$-14.99
SHousehold:Non-Food Grocery
$-83.63
SFood:Groceries
$-263.11
^
D9/26'18
U-21.08
T-21.08
CX
PChevron
L--Split--
SCigarettes
$-6.91
SFood:Groceries
$-14.17
^
D9/28'18
U4,134.65
T4,134.65
CX
PUniv. Of Mass.
LOther Income:Refund
^
D9/28'18
U-236.11
T-236.11
CX
PWalmart
L--Split--
SHousehold:Kitchen Supplies
Esilverware
$-49.94
SClothing:Jonas
Eslippers
$-13.98
SHousehold:Office Supplies
Eheadset
$-25.58
SGifts
Eoren phone card
$-35.00
SLeisure:Movie Purchase
$-19.96
SHousehold:Non-Food Grocery
$-5.47
SClothing:Iven
$-86.18
^
D9/29'18
U-65.20
T-65.20
CX
PEl Tapatio
LFood:Dining Out
^
D9/29'18
U-327.28
T-327.28
CX
PAmazon
L--Split--
STech:Hobby:Books
$-201.79
STech:Office:Books
Ebooks
$-89.79
STech:Hobby:Supplies
Erasberry pie
$-35.70
^
D9/29'18
U-414.55
T-414.55
CX
PAmazon
Mtevo tornado
LTech:Hobby:Capital
^
D9/29'18
U-1,389.00
T-1,389.00
CX
PAmazon
Mlaptop
LTech:Office:Capital
^
D9/29'18
U-30.58
T-30.58
CX
PAmazon
Mbooks
LTech:Office:Books
^
D9/29'18
U-52.33
T-52.33
CX
PAmazon
Mbooks
LTech:Office:Books
^
D9/29'18
U-40.95
T-40.95
CX
PAmazon
Mbooks
LTech:Office:Books
^
D9/29'18
U-42.01
T-42.01
CX
PAmazon
Mbooks
LTech:Hobby:Books
^
D9/30'18
U0.72
T0.72
CX
PSt. Helens Federal Credit Union
LOther Income:Bank Dividend
^
D9/30'18
U-60.14
T-60.14
CX
PTractor Supply
L--Split--
SBills:Wood Fuel
E4
$-19.16
SAutomobile:Parts
Eaudi oil
$-31.99
SHousehold:Office Supplies
Echair blanket
$-8.99
^
D9/30'18
U-229.99
T-229.99
CX
POffice Depot
Mchair
LHousehold:Office Supplies
^
D9/30'18
U-84.95
T-84.95
CX
PFerrara Market
MShalon Pops
LLeisure:Toys & Games
^
D9/30'18
U-19.95
T-19.95
CX
PChegg
LEducation:Books
^
D9/30'18
U-143.96
T-143.96
CX
PAmazon
L--Split--
SHousehold:Kitchen Supplies
Esausage stuffer
$-121.99
STech:Office:Supplies
Elaptop charger
$-21.97
^
D9/30'18
U-281.99
T-281.99
CX
PBoost Wireless
Mnew phone
LBills:Cellular Phone
^
D10/ 1'18
U-61.42
T-61.42
CX
PChevron
L--Split--
SCigarettes
$-6.91
SFood:Groceries
$-10.49
SAutomobile:Gasoline
Eaudi 12.37
$-44.02
^
D10/ 1'18
U-41.17
T-41.17
CX
PWalmart
L--Split--
SHousehold:Office Supplies
Eusb charger
$-4.88
SFood:Groceries
$-36.29
^
D10/ 1'18
U-82.23
T-82.23
CX
PHome Depot
L--Split--
SHousehold:Office Supplies
Ebook shelf parts
$-19.01
SHome Improvement:Tools
Ecoax crimper
$-29.97
SHome Improvement:Materials
Ewater jb weld
$-17.31
SHousehold:Office Supplies
Ecoat hooks
$-15.94
^
D10/ 2'18
U-34.98
T-34.98
CX
PPangea Reptile
Mreptile light
LPet Care:Supplies
^
D10/ 2'18
U-51.97
T-51.97
CX
PPangea Reptile
Mreptile light
LPet Care:Supplies
^
D10/ 2'18
U-129.00
T-129.00
CX
PWalmart
Mshalon's phone
LBills:Cellular Phone
^
D10/ 2'18
U-39.99
T-39.99
CX
PPayless Shoes
LClothing:Shalon
^
D10/ 2'18
U-33.19
T-33.19
CX
PWalmart
LFood:Groceries
^
D10/ 2'18
U-14.96
T-14.96
CX
PChevron
L--Split--
SCigarettes
$-6.91
SFood:Groceries
$-8.05
^
D10/ 2'18
U-46.95
T-46.95
CX
PJo-Ann Fabrics
LClothing:Shalon
^
D10/ 3'18
U-16.82
T-16.82
CX
PAmazon
Mbooks
LTech:Hobby:Books
^
D10/ 3'18
U-45.68
T-45.68
CX
PAmazon
Mbooks
LTech:Hobby:Books
^
D10/ 3'18
U-13.97
T-13.97
CX
PGrocery Outlet
LFood:Groceries
^
D10/ 3'18
U-24.99
T-24.99
CX
PGrocery Outlet
LHousehold:Non-Food Grocery
^
D10/ 4'18
U4.99
T4.99
CX
PSt. Helens Federal Credit Union
Munknown
LOther Income:Refund
^
D10/ 4'18
U-23.24
T-23.24
CX
PChevron
L--Split--
SCigarettes
$-6.91
SFood:Dining Out
$-16.33
^
D10/ 5'18
U-6.91
T-6.91
CX
PChevron
LCigarettes
^
D10/ 5'18
U-30.00
T-30.00
CX
PGrocery Outlet
LFood:Groceries
^
D10/ 6'18
U-17.60
T-17.60
CX
PChevron
L--Split--
SCigarettes
$-6.91
SFood:Groceries
$-10.69
^
D10/ 8'18
U-6.91
T-6.91
CX
PChevron
LCigarettes
^
D10/ 8'18
U-12.99
T-12.99
CX
PEarth N Sun
LFood:Groceries
^
D10/ 9'18
U-18.04
T-18.04
CX
PChevron
L--Split--
SCigarettes
$-6.91
SFood:Groceries
$-11.13
^
D10/10'18
U1,915.00
T1,915.00
CX
NDEP
PSocial Security
LRetirement Income:Social Security Benefits
^
D10/10'18
U-10.50
T-10.50
CX
PEarth N Sun
M2
LBills:Wood Fuel
^
D10/10'18
U-8.00
T-8.00
CX
PChevron
L--Split--
SCigarettes
$-6.91
SFood:Groceries
$-1.09
^
D10/10'18
U-22.94
T-22.94
CX
PGrocery Outlet
LFood:Groceries
^
D10/12'18
U-13.38
T-13.38
CX
PChevron
L--Split--
SCigarettes
$-6.91
SFood:Groceries
$-6.47
^
D10/12'18
U-14.09
T-14.09
CX
PGrocery Outlet
LFood:Groceries
^
D10/13'18
U-783.62
T-783.62
CX
PWells Fargo Home Mortgage
M0812483784*
L[Wells Fargo Home Mortgage]
^
D10/13'18
U-67.31
T-67.31
CX
PWalmart
LFood:Groceries
^
D10/13'18
U-14.37
T-14.37
CX
PChevron
L--Split--
SCigarettes
$-6.91
SFood:Groceries
$-7.46
^
D10/13'18
U-85.17
T-85.17
CX
PHome Depot
L--Split--
STech:Hobby:Supplies
E3d printer setup supplies
$-23.28
SHome Improvement:Tools
$-18.00
SHome Improvement:Materials
$-13.91
SHome Improvement:Materials
Eshowerhead
$-29.98
^
D10/13'18
U-119.40
T-119.40
CX
PCourse Hero
LEducation:Books
^
D10/14'18
U-6.91
T-6.91
CX
PChevron
LCigarettes
^
D10/15'18
U-107.00
T-107.00
CX
PBoost Wireless
LBills:Cellular Phone
^
D10/15'18
U-27.49
T-27.49
CX
PEarth N Sun
M2
L--Split--
SBills:Wood Fuel
E2
$-10.50
SHome Improvement:Materials
Eforest paint
$-16.99
^
D10/15'18
U-88.71
T-88.71
CX
PGrocery Outlet
LFood:Groceries
^
D10/15'18
U-15.49
T-15.49
CX
PChevron
L--Split--
SCigarettes
$-6.91
SFood:Groceries
$-6.58
SFood:Dining Out
$-2.00
^
D10/16'18
U40.95
T40.95
CX
PAmazon
Mmythical man month refund
LTech:Office:Books
^
D10/16'18
U-43.18
T-43.18
CX
PEl Tapatio
LFood:Dining Out
^
D10/16'18
U-49.93
T-49.93
CX
PShari's
LFood:Dining Out
^
D10/16'18
U-17.00
T-17.00
CX
PGoodwill
L--Split--
SClothing:Oren
Ebelt
$-3.04
STech:IT:Materials
Erack power moniter, power chords
$-7.97
STech:Hobby:Supplies
Ewebcam for tevo
$-5.99
^
D10/16'18
U-26.16
T-26.16
CX
PChevron
Mcase of arizona
LFood:Groceries
^
D10/17'18
U-10.30
T-10.30
CX
PChevron
L--Split--
SCigarettes
$-6.91
SFood:Groceries
$-3.39
^
D10/17'18
U-42.99
T-42.99
CX
PAmazon
Mcomputer table
LHousehold:Office Supplies
^
D10/18'18
U-35.00
T-35.00
NPrint
PUS Postal Service
MPO Box renewal
LBills:Government Fees
^
D10/18'18
U-95.76
T-95.76
CX
PWalmart
L--Split--
SFood:Groceries
$-81.94
SHousehold:Non-Food Grocery
Eeyeglass stuff
$-13.82
^
D10/18'18
U-20.72
T-20.72
CX
PHome Depot
M4
LBills:Wood Fuel
^
D10/18'18
U-12.37
T-12.37
CX
PKaiser Permanente
LHealthcare:Prescriptions
^
D10/18'18
U-88.00
T-88.00
CX
PKaiser Permanente
M20181019346179451
LInsurance:Health
^
D10/18'18
U-22.00
T-22.00
CX
PChevron
L--Split--
SCigarettes
$-6.91
SFood:Groceries
$-15.09
^
D10/19'18
U-10.00
T-10.00
CX
PStudent Clearinhouse
Mupdated lcc transcript to umass
LEducation:Fees
^
D10/19'18
U-68.06
T-68.06
CX
PGrocery Outlet
L--Split--
SFood:Groceries
$-43.07
SHousehold:Non-Food Grocery
$-24.99
^
D10/19'18
U-6.91
T-6.91
CX
PChevron
LCigarettes
^
D10/21'18
U-19.42
T-19.42
CX
PGrocery Outlet
LFood:Groceries
^
D10/22'18
U-8.67
T-8.67
CX
PGrocery Outlet
LFood:Groceries
^
D10/23'18
U280.00
T280.00
CX
PCash
LOther Income:Cash
^
D10/23'18
U-245.54
T-245.54
CX
NEFT
POregon Mutual Insurance
MK10476
LInsurance:Auto
^
D10/24'18
U-6.91
T-6.91
CX
PChevron
LCigarettes
^
D10/25'18
U-10.30
T-10.30
CX
PChevron
L--Split--
SCigarettes
$-6.91
SFood:Groceries
$-3.39
^
D10/29'18
U-19.95
T-19.95
CX
PChegg
LEducation:Books
^
D10/31'18
U0.57
T0.57
CX
PSt. Helens Federal Credit Union
LOther Income:Bank Dividend
^
D10/31'18
U-4.91
T-4.91
CX
PChevron
LCigarettes
^
D11/14'18
U1,915.00
T1,915.00
CX
NDEP
PSocial Security
LRetirement Income:Social Security Benefits
^
D11/14'18
U-8.00
T-8.00
CX
PChevron
L--Split--
SCigarettes
$-6.91
SFood:Dining Out
$-1.09
^
D11/14'18
U-50.97
T-50.97
CX
PICHI
LFood:Dining Out
^
D11/14'18
U-42.00
T-42.00
CX
PFred Meyer
LFood:Groceries
^
D11/14'18
U-215.80
T-215.80
CX
PCity Of Rainier
LBills:Water & Sewer
^
D11/14'18
U-783.62
T-783.62
CX
PWells Fargo Home Mortgage
M0812483784*
L[Wells Fargo Home Mortgage]
^
D11/15'18
U-9.09
T-9.09
CX
PChevron
L--Split--
SCigarettes
$-6.91
SFood:Dining Out
$-2.18
^
D11/15'18
U-18.24
T-18.24
CX
PEarth N Sun
M2
L--Split--
SBills:Wood Fuel
E1
$-5.25
SHousehold:Non-Food Grocery
$-12.99
^
D11/15'18
U-126.91
T-126.91
CX
PGrocery Outlet
LFood:Groceries
^
D11/15'18
U-107.00
T-107.00
CX
NEFT
PBoost Wireless
LBills:Cellular Phone
^
D11/15'18
U-29.20
T-29.20
CX
PAmazon
Mboating book
LLeisure:Books & Magazines
^
D11/15'18
U-11.67
T-11.67
CX
PAmazon
Mboating book
LLeisure:Books & Magazines
^
D11/16'18
U-72.98
T-72.98
CX
PFred Meyer
L--Split--
SFood:Groceries
$-48.00
SHousehold:Non-Food Grocery
$-24.98
^
D11/16'18
U-34.99
T-34.99
CX
PMAKE Magizine
LTech:Hobby:Books
^
D11/16'18
U-49.99
T-49.99
CX
PMAKE
Mmembership
LTech:Hobby
^
D11/18'18
U-186.37
T-186.37
CX
NEFT
PSt. Helens Federal Credit Union
L[STHCCU]
^
D11/19'18
U-6.91
T-6.91
CX
PChevron
LCigarettes
^
D11/19'18
U-39.23
T-39.23
CX
PGrocery Outlet
LFood:Groceries
^
D11/20'18
U-109.81
T-109.81
CX
NEFT
PClatskanie PUD
MAuthorization Code:838980
LBills:Electricity
^
D11/26'18
U-6.91
T-6.91
CX
PChevron
LCigarettes
^
D11/28'18
U-4.91
T-4.91
CX
PChevron
LCigarettes
^
D11/30'18
U0.19
T0.19
CX
PSt. Helens Federal Credit Union
LOther Income:Bank Dividend
^
D12/12'18
U1,915.00
T1,915.00
CX
NDEP
PSocial Security
LRetirement Income:Social Security Benefits
^
D12/12'18
U-255.54
T-255.54
CX
POregon Mutual Insurance
MK10476
LInsurance:Auto
^
D12/12'18
U-186.37
T-186.37
CX
PSt. Helens Federal Credit Union
L[STHCCU]
^
D12/12'18
U-783.62
T-783.62
CX
PWells Fargo Home Mortgage
M0812483784*
L[Wells Fargo Home Mortgage]
^
D12/12'18
U-30.49
T-30.49
CX
PChevron
L--Split--
SCigarettes
$-6.91
SFood:Groceries
$-3.58
SAutomobile:Gasoline
Eaudi 5.99
$-20.00
^
D12/12'18
U-11.98
T-11.98
CX
PDeli Store
LFood:Dining Out
^
D12/12'18
U-40.00
T-40.00
CX
PKaiser Permanente
LHealthcare:Prescriptions
^
D12/12'18
U-49.90
T-49.90
CX
PTractor Supply
M10
LBills:Wood Fuel
^
D12/13'18
U-15.08
T-15.08
CX
PGrocery Outlet
LFood:Groceries
^
D12/13'18
U-78.81
T-78.81
CX
PWalmart
LFood:Groceries
^
D12/14'18
U-20.80
T-20.80
CX
PGrocery Outlet
LFood:Groceries
^
D12/14'18
U-6.91
T-6.91
CX
PChevron
LCigarettes
^
D12/15'18
U-107.00
T-107.00
CX
NEFT
PBoost Wireless
LBills:Cellular Phone
^
D12/15'18
U-131.63
T-131.63
CX
NEFT
PXfinity
MConfirmation number #2938435702
L--Split--
SBills:Online Services
$-100.99
SBills:Cable Television
$-26.47
SBank Charges:Late Charge
$-4.17
^
D12/15'18
U-6.91
T-6.91
CX
PChevron
LCigarettes
^
D12/15'18
U-66.47
T-66.47
CX
PWalmart
L--Split--
SHousehold:Office Supplies
Eprinter ink- black
$-36.97
SFood:Groceries
$-29.50
^
D12/16'18
U-9.59
T-9.59
CX
PGrocery Outlet
LFood:Groceries
^
D12/17'18
U-8.00
T-8.00
CX
PDollar General
LHousehold:Non-Food Grocery
^
D12/17'18
U-8.65
T-8.65
CX
PGrocery Outlet
LFood:Groceries
^
D12/17'18
U-10.49
T-10.49
CX
PChevron
L--Split--
SCigarettes
$-6.91
SFood:Groceries
$-3.58
^
D12/18'18
U-3.98
T-3.98
CX
PGrocery Outlet
LFood:Groceries
^
D12/19'18
U-15.67
T-15.67
CX
PChevron
L--Split--
SCigarettes
$-6.91
SFood:Groceries
$-8.76
^
D12/19'18
U-3.29
T-3.29
CX
PChevron
LFood:Groceries
^
D12/20'18
U-19.00
T-19.00
CX
PWalmart
M4
LBills:Wood Fuel
^
D12/20'18
U-18.00
T-18.00
CX
PChevron
L--Split--
SCigarettes
$-6.91
SFood:Groceries
$-1.09
SAutomobile:Gasoline
Eaudi 3.031
$-10.00
^
D12/20'18
U-8.39
T-8.39
CX
PFred Meyer
LFood:Groceries
^
D12/20'18
U-18.50
T-18.50
CX
PKaiser Permanente
LHealthcare:Prescriptions
^
D12/31'18
U0.16
T0.16
CX
PSt. Helens Federal Credit Union
LOther Income:Bank Dividend
^
D1/ 9'19
U1,971.00
T1,971.00
CX
NDEP
PSocial Security
LRetirement Income:Social Security Benefits
^
D1/ 9'19
U-59.73
T-59.73
CX
PGrocery Outlet
LFood:Groceries
^
D1/ 9'19
U-21.40
T-21.40
CX
PEarth N Sun
M4
LBills:Wood Fuel
^
D1/ 9'19
U-323.07
T-323.07
CX
NEFT
PClatskanie PUD
LBills:Electricity
^
D1/ 9'19
U-195.10
T-195.10
CX
NEFT
PCity Of Rainier
LBills:Water & Sewer
^
D1/ 9'19
U-186.37
T-186.37
CX
NEFT
PSt. Helens Federal Credit Union
L[STHCCU]
^
D1/10'19
U-12.59
T-12.59
CX
PChevron
L--Split--
SCigarettes
$-6.91
SFood:Dining Out
$-5.68
^
D1/10'19
U-19.98
T-19.98
CX
PUdemy Online
Miven drawing classes
LGifts:Misc.
^
D1/11'19
U-12.33
T-12.33
CX
PGrocery Outlet
LFood:Groceries
^
D1/11'19
U-7.62
T-7.62
CX
PDollar General
L--Split--
SCigarettes
$-6.62
SFood:Groceries
$-1.00
^
D1/11'19
U-783.62
T-783.62
CX
NEFT
PWells Fargo Home Mortgage
M0812483784*
L[Wells Fargo Home Mortgage]
^
D1/12'19
U-6.91
T-6.91
CX
PChevron
LCigarettes
^
D1/12'19
U-21.00
T-21.00
CX
PEarth N Sun
M4
LBills:Wood Fuel
^
D1/12'19
U-27.88
T-27.88
CX
PGrocery Outlet
LFood:Groceries
^
D1/14'19
U-18.58
T-18.58
CX
PGrocery Outlet
LFood:Groceries
^
D1/14'19
U-13.17
T-13.17
CX
PMcdonalds
LFood:Dining Out
^
D1/14'19
U-17.32
T-17.32
CX
PDollar General
L--Split--
SCigarettes
$-6.62
SFood:Groceries
$-3.70
SHousehold:Non-Food Grocery
$-7.00
^
D1/15'19
U-6.91
T-6.91
CX
PChevron
LCigarettes
^
D1/15'19
U-107.00
T-107.00
CX
PBoost Wireless
LBills:Cellular Phone
^
D1/15'19
U-52.25
T-52.25
CX
PLuigis Pizza
LFood:Dining Out
^
D1/17'19
U-14.20
T-14.20
CX
PChevron
L--Split--
SCigarettes
$-6.91
SFood:Groceries
$-7.29
^
D1/17'19
U-21.00
T-21.00
CX
PEarth N Sun
M4
LBills:Wood Fuel
^
D1/17'19
U-9.97
T-9.97
CX
PGrocery Outlet
LFood:Groceries
^
D1/17'19
U-4.05
T-4.05
CX
PAmazon
LHousehold:Office Supplies
^
D1/17'19
U-2.22
T-2.22
CX
PUniv. Of Mass.
LOther Income:Refund
^
D1/18'19
U-6.91
T-6.91
CX
PChevron
LCigarettes
^
D1/23'19
U-6.91
T-6.91
CX
PChevron
LCigarettes
^
D1/24'19
U-7.78
T-7.78
CX
PAmazon
LHousehold:Office Supplies
^
D1/31'19
U0.24
T0.24
CX
NDIV
PSt. Helens Federal Credit Union
MDIVIDEND
LOther Income:Bank Dividend
^
D2/ 3'19
U-6.00
T-6.00
CX
PChevron
LCigarettes
^
D2/11'19
U500.00
T500.00
CX
PCash
LOther Income:Cash
^
D2/11'19
U-495.08
T-495.08
CX
POregon Mutual Insurance
LInsurance:Auto
^
D2/12'19
U1,971.00
T1,971.00
CX
NDEP
PSocial Security
LRetirement Income:Social Security Benefits
^
D2/12'19
U-3.00
T-3.00
CX
PChevron
LCigarettes
^
D2/13'19
U-20.84
T-20.84
CX
PMonticello Pizzeria
LFood:Dining Out
^
D2/13'19
U-304.98
T-304.98
CX
PWalmart
L--Split--
SBills:Wood Fuel
E2
$-9.50
SHousehold:Office Supplies
Eepson ink
$-66.97
SEducation:Books
Ecalculator for stats
$-132.00
SHousehold:Office Supplies
$-28.70
SFood:Groceries
$-67.81
^
D2/13'19
U-8.00
T-8.00
CX
PChevron
L--Split--
SCigarettes
$-6.91
SFood:Groceries
$-1.09
^
D2/13'19
U-186.37
T-186.37
CX
NEFT
PSt. Helens Federal Credit Union
L[STHCCU]
^
D2/13'19
U-26.29
T-26.29
CX
PAmazon
Mhp toner
LHousehold:Office Supplies
^
D2/13'19
U-13.99
T-13.99
CX
PAmazon
Mhp toner
LHousehold:Office Supplies
^
D2/14'19
U-121.46
T-121.46
CX
POffice Depot
L--Split--
SHousehold:Office Supplies
$-41.47
SHousehold:Office Supplies
Etrackball
$-79.99
^
D2/14'19
U-108.69
T-108.69
CX
PWalmart
L--Split--
SBills:Wood Fuel
E3
$-14.25
SGifts:Shalon
Egaming headset
$-74.00
SHousehold:Non-Food Grocery
$-6.00
SFood:Groceries
$-14.44
^
D2/14'19
U-13.86
T-13.86
CX
PChevron
L--Split--
SCigarettes
$-6.91
SFood:Groceries
$-6.95
^
D2/14'19
U-47.23
T-47.23
CX
PApplebee's
LFood:Dining Out
^
D2/14'19
U-11.99
T-11.99
CX
PGame Stop
Moren pop
LGifts:Misc.
^
D2/14'19
U-132.00
T-132.00
CX
PKaiser Permanente
M20181019346179451
LInsurance:Health
^
D2/15'19
U86.47
T86.47
CX
POffice Depot
Mtrackball return
LHousehold:Office Supplies
^
D2/15'19
U3,941.00
T3,941.00
CX
PUniv. Of Mass.
MUNIV. OF MASS. EXCESS
LOther Income:Refund
^
D2/15'19
U-26.86
T-26.86
CX
PWalmart
LClothing:Jonas
^
D2/15'19
U-203.36
T-203.36
CX
PGoodwill
L--Split--
SClothing:Jonas
$-59.96
SClothing:Shalon
$-100.94
SHousehold:Office Supplies
$-42.46
^
D2/15'19
U-50.75
T-50.75
CX
PSunshine Pzza
LFood:Dining Out
^
D2/15'19
U-10.00
T-10.00
CX
PKaiser Permanente
LHealthcare:Prescriptions
^
D2/15'19
U-783.62
T-783.62
CX
PWells Fargo Home Mortgage
MWF HOME MTG AUTO PAY 040820
L[Wells Fargo Home Mortgage]
^
D2/15'19
U-1,700.00
T-1,700.00
CX
PRachelle And Marilyn Cade
LLoan Payment:Principal
^
D2/15'19
U-74.12
T-74.12
CX
PHudson Garbage Services
LBills:Garbage & Recycle
^
D2/15'19
U-10.70
T-10.70
CX
PTarget
LHousehold:Non-Food Grocery
^
D2/15'19
U-241.52
T-241.52
CX
PTarget
Mfitbit
LGifts:Shalon
^
D2/15'19
U-191.02
T-191.02
CX
NEFT
PClatskanie PUD
LBills:Electricity
^
D2/16'19
U-31.08
T-31.08
CX
PHome Depot
M6
LBills:Wood Fuel
^
D2/16'19
U-77.22
T-77.22
CX
PWalmart
LFood:Groceries
^
D2/16'19
U-34.46
T-34.46
CX
PChevron
L--Split--
SCigarettes
$-6.91
SAutomobile:Gasoline
Eaudi 6.4
$-20.00
SFood:Dining Out
$-7.55
^
D2/16'19
U-131.67
T-131.67
CX
NEFT
PXfinity
MConfirmation number #2938435702
L--Split--
SBills:Online Services
$-100.99
SBills:Cable Television
$-26.47
SBank Charges:Late Charge
$-4.21
^
D2/16'19
U-107.00
T-107.00
CX
PBoost Wireless
LBills:Cellular Phone
^
D2/16'19
U-200.32
T-200.32
CX
PCity Of Rainier
LBills:Water & Sewer
^
D2/16'19
U-59.00
T-59.00
CX
PAmazon
LLeisure:Subscriptions
^
D2/16'19
U-43.09
T-43.09
CX
PAmazon
Mti calc books
LEducation:Books
^
D2/17'19
U-89.51
T-89.51
CX
PGrocery Outlet
LFood:Groceries
^
D2/17'19
U-14.00
T-14.00
CX
PAmazon
Mbookends
LHousehold:Office Supplies
^
D2/18'19
U-140.36
T-140.36
CX
PCash & Carry
L--Split--
SHousehold:Kitchen Supplies
Eknives
$-108.18
SFood:Groceries
$-32.18
^
D2/18'19
U-35.25
T-35.25
CX
PShari's
LFood:Dining Out
^
D2/19'19
U-9.09
T-9.09
CX
PChevron
L--Split--
SCigarettes
$-6.91
SFood:Groceries
$-2.18
^
D2/19'19
U-9.25
T-9.25
CX
PDollar Land Plus
LFood:Groceries
^
D2/19'19
U-104.64
T-104.64
CX
PGrocery Outlet
LFood:Groceries
^
D2/19'19
U-28.08
T-28.08
CX
PCash & Carry
LFood:Groceries
^
D2/19'19
U-20.00
T-20.00
CX
PChevron
Maudi
LAutomobile:Gasoline
^
D2/19'19
U-59.85
T-59.85
CX
PTractor Supply
M10
LBills:Wood Fuel
^
D2/20'19
U-130.00
T-130.00
CX
PLuLaRoe
LClothing:Shalon
^
D2/20'19
U-9.09
T-9.09
CX
PChevron
L--Split--
SCigarettes
$-6.91
SFood:Groceries
$-2.18
^
D2/20'19
U-6.49
T-6.49
CX
PKaiser Permanente
LHealthcare:Prescriptions
^
D2/20'19
U-84.52
T-84.52
CX
PKritters PayPal
Mlizard stuff?
LGifts:Shalon
^
D2/21'19
U-71.48
T-71.48
CX
POffice Depot
LHousehold:Office Supplies
^
D2/21'19
U-6.91
T-6.91
CX
PChevron
LCigarettes
^
D2/21'19
U-145.91
T-145.91
CX
PRoss
L--Split--
SClothing:Jonas
$-19.98
SClothing:Shalon
$-8.99
SHousehold:Furnishings
$-84.97
SFood:Groceries
$-1.99
SHousehold:Kitchen Supplies
$-29.98
^
D2/23'19
U-9.09
T-9.09
CX
PChevron
L--Split--
SCigarettes
$-6.91
SFood:Groceries
$-2.18
^
D2/23'19
U-39.00
T-39.00
CX
PBlur Year Httpswww
MDEBIT CARD DEBIT 02-20-2020
LHousehold:Office Supplies
^
D2/27'19
U-11.20
T-11.20
CX
PChevron
L--Split--
SCigarettes
$-6.91
SFood:Groceries
$-4.29
^
D2/28'19
U0.45
T0.45
CX
NDIV
PSt. Helens Federal Credit Union
MDIVIDEND
LOther Income:Bank Dividend
^
D2/28'19
U-4.00
T-4.00
CX
PChevron
LCigarettes
^
D3/13'19
U1,971.00
T1,971.00
CX
NDEP
PSocial Security
LRetirement Income:Social Security Benefits
^
D3/13'19
U-17.10
T-17.10
CX
PChevron
L--Split--
SCigarettes
$-7.04
SFood:Groceries
$-10.06
^
D3/13'19
U-3.99
T-3.99
CX
PGrocery Outlet
MPOS 0413 1733 225919 GROCERY OUTLET O RAINIER OR
LHousehold:Non-Food Grocery
^
D3/13'19
U-10.70
T-10.70
CX
PEarth N Sun
M2
LBills:Wood Fuel
^
D3/13'19
U-30.73
T-30.73
CX
PCornerstone Cafe
LFood:Dining Out
^
D3/14'19
U-120.64
T-120.64
CX
PWalmart
LFood:Groceries
^
D3/14'19
U-9.63
T-9.63
CX
PChevron
L--Split--
SCigarettes
$-7.04
SFood:Groceries
$-2.59
^
D3/14'19
U-39.92
T-39.92
CX
PTractor Supply
M8
LBills:Wood Fuel
^
D3/14'19
U-107.00
T-107.00
CX
PBoost Wireless
MDEBIT CARD DEBIT 03-15-2020
LBills:Cellular Phone
^
D3/14'19
U-784.11
T-784.11
CX
PWells Fargo Home Mortgage
MWF HOME MTG AUTO PAY 040820
L[Wells Fargo Home Mortgage]
^
D3/14'19
U-186.37
T-186.37
CX
NEFT
PSt. Helens Federal Credit Union
L[STHCCU]
^
D3/16'19
U-27.10
T-27.10
CX
PKaiser Permanente
LHealthcare:Prescriptions
^
D3/16'19
U-59.99
T-59.99
CX
PFred Meyer
Mheadphones
LHousehold:Office Supplies
^
D3/16'19
U-13.93
T-13.93
CX
PChevron
L--Split--
SCigarettes
$-7.04
SFood:Groceries
$-6.89
^
D3/17'19
U-80.27
T-80.27
CX
PGrocery Outlet
LFood:Groceries
^
D3/17'19
U-13.42
T-13.42
CX
PChevron
L--Split--
SCigarettes
$-7.04
SFood:Groceries
$-6.38
^
D3/18'19
U-18.80
T-18.80
CX
PChevron
L--Split--
SCigarettes
$-7.04
SFood:Groceries
$-11.76
^
D3/18'19
U-210.15
T-210.15
CX
NEFT
PClatskanie PUD
LBills:Electricity
^
D3/19'19
U-4.38
T-4.38
CX
PChevron
LFood:Groceries
^
D3/19'19
U-21.99
T-21.99
CX
PChevron
L--Split--
SCigarettes
$-7.04
SFood:Groceries
$-14.95
^
D3/20'19
U-13.90
T-13.90
CX
PChevron
L--Split--
SCigarettes
$-7.04
SFood:Groceries
$-6.86
^
D3/21'19
U832.00
T832.00
CX
PCash
LOther Income:Cash
^
D3/21'19
U-24.52
T-24.52
CX
PChevron
L--Split--
SCigarettes
$-7.04
SAutomobile:Gasoline
Eaudi 3.1
$-10.00
SFood:Dining Out
$-7.48
^
D3/21'19
U-797.54
T-797.54
CX
POregon Mutual Insurance
LInsurance:Auto
^
D3/22'19
U-10.38
T-10.38
CX
PChevron
L--Split--
SFood:Dining Out
$-2.00
SFood:Groceries
$-8.38
^
D3/23'19
U-9.98
T-9.98
CX
PTractor Supply
M2
LBills:Wood Fuel
^
D3/23'19
U-14.72
T-14.72
CX
PChevron
L--Split--
SCigarettes
$-7.04
SFood:Groceries
$-4.68
SFood:Dining Out
$-3.00
^
D3/23'19
U-7.04
T-7.04
CX
PChevron
LCigarettes
^
D3/23'19
U-9.08
T-9.08
CX
PWalamart
LFood:Groceries
^
D3/25'19
U-20.99
T-20.99
CX
PChevron
L--Split--
SCigarettes
$-7.04
SFood:Groceries
$-13.95
^
D3/26'19
U-76.68
T-76.68
CX
PWalmart
L--Split--
SFood:Groceries
$-47.73
SHousehold:Non-Food Grocery
$-28.95
^
D3/26'19
U-10.70
T-10.70
CX
PEarth N Sun
M2
LBills:Wood Fuel
^
D3/26'19
U-11.72
T-11.72
CX
PChevron
L--Split--
SCigarettes
$-7.04
SFood:Groceries
$-4.68
^
D3/27'19
U-20.00
T-20.00
CX
PCash
LFood:Groceries
^
D3/31'19
U0.50
T0.50
CX
NDIV
PSt. Helens Federal Credit Union
MDIVIDEND
LOther Income:Bank Dividend
^
D4/ 3'19
U-8.13
T-8.13
CX
PChevron
LCigarettes
^
D4/ 5'19
U100.00
T100.00
CX
PCash
LOther Income:Cash
^
D4/ 5'19
U-55.60
T-55.60
CX
PHudson Garbage Services
LBills:Garbage & Recycle
^
D4/10'19
U1,927.00
T1,927.00
CX
NDEP
PSocial Security
LRetirement Income:Social Security Benefits
^
D4/10'19
U-7.04
T-7.04
CX
PChevron
LCigarettes
^
D4/10'19
U-32.39
T-32.39
CX
PGrocery Outlet
LFood:Groceries
^
D4/12'19
U-186.37
T-186.37
CX
NEFT
PSt. Helens Federal Credit Union
L[STHCCU]
^
D4/13'19
U-21.40
T-21.40
CX
PEarth N Sun
M4
LBills:Wood Fuel
^
D4/13'19
U-20.00
T-20.00
CX
PChevron
Mg35 5.5
LAutomobile:Gasoline
^
D4/13'19
U-90.86
T-90.86
CX
PFred Meyer
LFood:Groceries
^
D4/14'19
U-13.02
T-13.02
CX
PChevron
L--Split--
SCigarettes
$-7.04
SFood:Groceries
$-5.98
^
D4/15'19
U-7.04
T-7.04
CX
PChevron
LCigarettes
^
D4/15'19
U-784.11
T-784.11
CX
PWells Fargo Home Mortgage
MWF HOME MTG AUTO PAY 040820
L[Wells Fargo Home Mortgage]
^
D4/15'19
U-77.98
T-77.98
CX
PChevron
L--Split--
SCigarettes
$-7.04
SFood:Groceries
$-32.00
SAutomobile:Gasoline
Eg35
$-38.94
^
D4/15'19
U-182.14
T-182.14
CX
NEFT
PClatskanie PUD
LBills:Electricity
^
D4/15'19
U-107.00
T-107.00
CX
PBoost Wireless
Mphone case
LHousehold:Office Supplies
^
D4/15'19
U-34.00
T-34.00
CX
PGrocery Outlet
LFood:Groceries
^
D4/16'19
U-42.75
T-42.75
CX
PFultanos Pizza
LFood:Dining Out
^
D4/16'19
U-21.49
T-21.49
CX
PChevron
L--Split--
SCigarettes
$-7.04
SFood:Groceries
$-14.45
^
D4/17'19
U-131.67
T-131.67
CX
NEFT
PXfinity
LBills:Online Services
^
D4/18'19
U-7.04
T-7.04
CX
PChevron
LCigarettes
^
D4/18'19
U-7.99
T-7.99
CX
PHarbor Freight
LHousehold:Non-Food Grocery
^
D4/18'19
U-10.99
T-10.99
CX
PSally Beauty
LHousehold:Non-Food Grocery
^
D4/18'19
U-29.54
T-29.54
CX
PGrocery Outlet
LFood:Groceries
^
D4/18'19
U-57.41
T-57.41
CX
PThe Office
LFood:Dining Out
^
D4/19'19
U-7.04
T-7.04
CX
PChevron
LCigarettes
^
D4/19'19
U-16.07
T-16.07
CX
PGrocery Outlet
LFood:Groceries
^
D4/20'19
U-7.04
T-7.04
CX
PChevron
LCigarettes
^
D4/21'19
U-11.12
T-11.12
CX
PChevron
L--Split--
SCigarettes
$-7.04
SFood:Groceries
$-4.08
^
D4/21'19
U-6.58
T-6.58
CX
PChevron
LFood:Groceries
^
D4/21'19
U-13.37
T-13.37
CX
PChevron
LFood:Groceries
^
D4/22'19
U-7.04
T-7.04
CX
PChevron
LCigarettes
^
D4/23'19
U-8.13
T-8.13
CX
PChevron
L--Split--
SCigarettes
$-7.04
SFood:Groceries
$-1.09
^
D4/24'19
U-10.70
T-10.70
CX
PEarth N Sun
M2
LBills:Wood Fuel
^
D4/24'19
U-8.13
T-8.13
CX
PChevron
L--Split--
SCigarettes
$-7.04
SFood:Groceries
$-1.09
^
D4/29'19
U-5.00
T-5.00
CX
PChevron
LCigarettes
^
D4/30'19
U0.60
T0.60
CX
NDIV
PSt. Helens Federal Credit Union
MDIVIDEND
LOther Income:Bank Dividend
^
D5/ 1'19
U795.03
T795.03
CX
PInternal Revenue Service
LOther Income:Federal Tax Refund
^
D5/ 1'19
U-64.55
T-64.55
CX
PChevron
L--Split--
SCigarettes
$-7.04
SAutomobile:Gasoline
EAUDI 13.4
$-48.60
SFood:Dining Out
$-8.91
^
D5/ 1'19
U-10.08
T-10.08
CX
PChevron
LFood:Dining Out
^
D5/ 1'19
U-21.40
T-21.40
CX
PEarth N Sun
M4
LBills:Wood Fuel
^
D5/ 1'19
U-32.19
T-32.19
CX
PGrocery Outlet
LFood:Groceries
^
D5/ 1'19
U-77.92
T-77.92
CX
PO' Reilly Auto Parts
L--Split--
SAutomobile:Parts
Eaudi power steering
$-33.97
SGifts:Shalon
Ecar cleaning stuff
$-43.95
^
D5/ 1'19
U-13.47
T-13.47
CX
PChevron
LFood:Groceries
^
D5/ 1'19
U-40.00
T-40.00
NPrint
PUS Postal Service
MPO Box renewal
LBills:Government Fees
^
D5/ 2'19
U-13.70
T-13.70
CX
PChevron
LFood:Dining Out
^
D5/ 2'19
U-24.00
T-24.00
CX
PSubway
LFood:Dining Out
^
D5/ 2'19
U-39.99
T-39.99
CX
PMeasuring U
LEducation:Books
^
D5/ 2'19
U-38.75
T-38.75
CX
PProctorU
LEducation
^
D5/ 3'19
U-17.50
T-17.50
CX
PSubway
LFood:Dining Out
^
D5/ 3'19
U-51.45
T-51.45
CX
PGoodwill
L--Split--
S
$0.00
STech:IT:Equipment
Emonitor
$-39.99
SLeisure:Kitchen Education
Ecookbooks
$-11.46
^
D5/ 3'19
U-17.90
T-17.90
CX
PChevron
L--Split--
SCigarettes
$-7.04
SFood:Dining Out
$-10.86
^
D5/ 3'19
U-30.48
T-30.48
CX
PO' Reilly Auto Parts
Mhydraulic fluid
LGifts:Shalon
^
D5/ 3'19
U-70.28
T-70.28
CX
PEl Tapatio
LFood:Dining Out
^
D5/ 3'19
U-11.29
T-11.29
CX
PChevron
LFood:Groceries
^
D5/ 3'19
U-34.95
T-34.95
CX
PAmazon
LHousehold:Office Supplies
^
D5/ 3'19
U-33.95
T-33.95
CX
PAmazon
LHousehold:Office Supplies
^
D5/ 5'19
U1,927.00
T1,927.00
CX
NDEP
PSocial Security
LRetirement Income:Social Security Benefits
^
D5/ 5'19
U-5.68
T-5.68
CX
PFred Meyer
LFood:Groceries
^
D5/ 5'19
U-111.96
T-111.96
CX
PWalmart
LFood:Groceries
^
D5/ 6'19
U-26.46
T-26.46
CX
PAmazon
LHousehold:Office Supplies
^
D5/ 7'19
U-203.21
T-203.21
CX
PCity Of Rainier
LBills:Water & Sewer
^
D5/ 8'19
U-12.99
T-12.99
CX
PFred Meyer
LFood:Groceries
^
D5/ 8'19
U-11.25
T-11.25
CX
POregon & More
LFood:Dining Out
^
D5/ 8'19
U-11.08
T-11.08
CX
PFred Meyer
LFood:Groceries
^
D5/ 8'19
U-104.50
T-104.50
CX
PDooger's Seafood & Grill
LFood:Dining Out
^
D5/ 9'19
U-74.00
T-74.00
CX
PDollar General
L--Split--
S
$0.00
SFood:Groceries
$-34.00
SHome Improvement:Landscape & Gardening
Ewoody
$-20.00
S[Cash Account]
$-20.00
^
D5/ 9'19
U-39.91
T-39.91
CX
PGrocery Outlet
LFood:Groceries
^
D5/ 9'19
U-3.27
T-3.27
CX
PChevron
LFood:Groceries
^
D5/10'19
U-6.95
T-6.95
CX
PDollar General
LCigarettes
^
D5/10'19
U-4.27
T-4.27
CX
PChevron
LFood:Groceries
^
D5/10'19
U-12.40
T-12.40
CX
PKaiser Permanente
LHealthcare:Prescriptions
^
D5/12'19
U-7.00
T-7.00
CX
PDollar General
LCigarettes
^
D5/12'19
U-100.70
T-100.70
CX
PGrocery Outlet
LFood:Groceries
^
D5/12'19
U-273.60
T-273.60
CX
POregon Mutual Insurance
LInsurance:Auto
^
D5/13'19
U-5.68
T-5.68
CX
PFred Meyer
LFood:Dining Out
^
D5/13'19
U-18.16
T-18.16
CX
PWalmart
L--Split--
SFood:Groceries
$-1.98
SHousehold:Non-Food Grocery
Etp
$-16.18
^
D5/13'19
U-7.00
T-7.00
CX
PGoodwill
Mgrill plate
LHousehold:Kitchen Supplies
^
D5/13'19
U-7.04
T-7.04
CX
PChevron
LCigarettes
^
D5/13'19
U-45.92
T-45.92
CX
PGoodwill
L--Split--
SHousehold:Kitchen Supplies
Ejuicer
$-14.99
SHousehold:Office Supplies
Esheet protectors
$-1.99
STech:IT:Equipment
Ekvm switch and cords + fp drive
$-15.95
SHousehold:Home Decor
Eoutdoor lighting
$-12.99
^
D5/13'19
U-784.11
T-784.11
CX
PWells Fargo Home Mortgage
MWF HOME MTG AUTO PAY 040820
L[Wells Fargo Home Mortgage]
^
D5/14'19
U-3.50
T-3.50
CX
PTop Notch Thrift Store
Mbinders
LHousehold:Office Supplies
^
D5/15'19
U-107.00
T-107.00
CX
PBoost Wireless
LBills:Cellular Phone
^
D5/16'19
U-15.38
T-15.38
CX
PChevron
LFood:Groceries
^
D5/16'19
U-14.29
T-14.29
CX
PChevron
LFood:Groceries
^
D5/16'19
U-6.75
T-6.75
CX
PDollar General
LCigarettes
^
D5/16'19
U-27.16
T-27.16
CX
PChevron
LFood:Groceries
^
D5/16'19
U-14.29
T-14.29
CX
PChevron
LFood:Groceries
^
D5/17'19
U-6.75
T-6.75
CX
PDollar General
LCigarettes
^
D5/17'19
U-5.27
T-5.27
CX
PGrocery Outlet
LFood:Groceries
^
D5/20'19
U360.00
T360.00
CX
PCash
LOther Income:Cash
^
D5/20'19
U-186.37
T-186.37
CX
NEFT
PSt. Helens Federal Credit Union
L[STHCCU]
^
D5/20'19
U-3.00
T-3.00
CX
PDollar General
LFood:Groceries
^
D5/22'19
U-44.92
T-44.92
CX
PGrocery Outlet
LFood:Groceries
^
D5/23'19
U-17.75
T-17.75
CX
PDollar General
L--Split--
SCigarettes
$-6.75
SHousehold:Non-Food Grocery
Epaper towels
$-11.00
^
D5/24'19
U-26.94
T-26.94
CX
PGrocery Outlet
LFood:Groceries
^
D5/24'19
U-12.35
T-12.35
CX
PDollar General
L--Split--
SCigarettes
$-6.75
SFood:Groceries
Epaper towels
$-5.60
^
D5/25'19
U-11.14
T-11.14
CX
PGrocery Outlet
LFood:Groceries
^
D5/26'19
U-12.55
T-12.55
CX
PDollar General
L--Split--
SCigarettes
$-6.95
SFood:Groceries
Epaper towels
$-5.60
^
D5/28'19
U-26.96
T-26.96
CX
PGoodwill
L--Split--
SClothing:Jonas
$-14.99
S
$0.00
SHousehold:Office Supplies
$-11.97
^
D5/29'19
U-6.75
T-6.75
CX
PDollar General
LCigarettes
^
D5/29'19
U-5.88
T-5.88
CX
PDeer Island Store
LFood:Groceries
^
D5/31'19
U0.56
T0.56
CX
NDIV
PSt. Helens Federal Credit Union
MDIVIDEND
LOther Income:Bank Dividend
^
D5/31'19
U-6.75
T-6.75
CX
PDollar General
LCigarettes
^
D6/12'19
U1,927.00
T1,927.00
CX
NDEP
PSocial Security
LRetirement Income:Social Security Benefits
^
D6/12'19
U-21.49
T-21.49
CX
PKaiser Permanente
LHealthcare:Prescriptions
^
D6/12'19
U-135.46
T-135.46
CX
PWalmart
L--Split--
SFood:Groceries
$-81.86
SHousehold:Non-Food Grocery
$-53.60
^
D6/12'19
U-11.67
T-11.67
CX
PGrocery Outlet
LFood:Groceries
^
D6/12'19
U-6.75
T-6.75
CX
PDollar General
LCigarettes
^
D6/12'19
U-7.04
T-7.04
CX
PChevron
LCigarettes
^
D6/12'19
U-324.25
T-324.25
CX
NEFT
PClatskanie PUD
LBills:Electricity
^
D6/12'19
U-175.00
T-175.00
CX
PDevice Protection
Mwarrenty co pay
LBills:Cellular Phone
^
D6/12'19
U-24.86
T-24.86
CX
PAmazon
Mphone case
LHousehold:Office Supplies
^
D6/13'19
U-9.21
T-9.21
CX
PGrocery Outlet
LFood:Groceries
^
D6/13'19
U-6.75
T-6.75
CX
PDollar General
LCigarettes
^
D6/13'19
U-129.61
T-129.61
CX
PSuperior Tire Service
Mg35 air conditioning service
LAutomobile:Maintance
^
D6/13'19
U-21.62
T-21.62
CX
PBoost Wireless
Mphone case
LHousehold:Office Supplies
^
D6/13'19
U-50.32
T-50.32
CX
PSuperior Tire Service
Mg35 air conditioning service
LAutomobile:Maintance
^
D6/14'19
U-6.28
T-6.28
CX
PChevron
LFood:Dining Out
^
D6/14'19
U-49.27
T-49.27
CX
PChevron
L--Split--
SFood:Groceries
$-2.18
SCigarettes
$-7.04
SAutomobile:Gasoline
Eg35 11.1
$-40.05
^
D6/14'19
U-784.11
T-784.11
CX
PWells Fargo Home Mortgage
MWF HOME MTG AUTO PAY 040820
L[Wells Fargo Home Mortgage]
^
D6/15'19
U-6.75
T-6.75
CX
PDollar General
LCigarettes
^
D6/15'19
U-11.29
T-11.29
CX
PChevron
LFood:Groceries
^
D6/15'19
U-14.39
T-14.39
CX
PGrocery Outlet
LFood:Groceries
^
D6/17'19
U-9.60
T-9.60
CX
PDollar General
LFood:Groceries
^
D6/17'19
U-6.75
T-6.75
CX
PDollar General
LCigarettes
^
D6/17'19
U-6.49
T-6.49
CX
PSubway
LFood:Dining Out
^
D6/18'19
U-6.75
T-6.75
CX
PDollar General
LCigarettes
^
D6/19'19
U-28.48
T-28.48
CX
PFultanos Pizza
LFood:Dining Out
^
D6/19'19
U-32.94
T-32.94
CX
PGoodwill
LHousehold:Office Supplies
^
D6/20'19
U230.00
T230.00
CX
PCash
LOther Income:Cash
^
D6/20'19
U-13.39
T-13.39
CX
PChevron
LFood:Groceries
^
D6/20'19
U-186.37
T-186.37
CX
NEFT
PSt. Helens Federal Credit Union
L[STHCCU]
^
D6/21'19
U-19.32
T-19.32
CX
N`
PChevron
L--Split--
S
$0.00
SCigarettes
$-7.04
SFood:Dining Out
$-12.28
^
D6/22'19
U-5.75
T-5.75
CX
PDollar General
LCigarettes
^
D6/24'19
U-9.16
T-9.16
CX
PDeer Island Store
L--Split--
SFood:Groceries
$-2.89
SCigarettes
$-6.27
^
D6/26'19
U-9.17
T-9.17
CX
PWalmart
LFood:Groceries
^
D6/27'19
U-4.79
T-4.79
CX
PGrocery Outlet
LFood:Groceries
^
D6/27'19
U-9.29
T-9.29
CX
PChevron
L--Split--
SFood:Groceries
$-2.18
SCigarettes
$-7.11
^
D6/28'19
U-9.29
T-9.29
CX
PChevron
L--Split--
SFood:Groceries
$-2.18
SCigarettes
$-7.11
^
D6/30'19
U0.18
T0.18
CX
NDIV
PSt. Helens Federal Credit Union
MDIVIDEND
LOther Income:Bank Dividend
^
D7/10'19
U1,927.00
T1,927.00
CX
NDEP
PSocial Security
LRetirement Income:Social Security Benefits
^
D7/10'19
U-152.91
T-152.91
CX
PWalmart
L--Split--
SFood:Groceries
$-57.08
SHousehold:Kitchen Supplies
Egrill cover
$-19.97
SClothing:Shalon
$-75.86
^
D7/10'19
U-9.03
T-9.03
CX
PChehalis Thrift Store
LClothing:Jonas
^
D7/10'19
U-19.00
T-19.00
CX
PGoodwill
LClothing:Jonas
^
D7/10'19
U-12.41
T-12.41
CX
PSenior Thirft
LClothing:Jonas
^
D7/10'19
U-33.85
T-33.85
CX
PShari's
LFood:Dining Out
^
D7/10'19
U-20.85
T-20.85
CX
PMcdonalds
LFood:Dining Out
^
D7/10'19
U-16.22
T-16.22
CX
PTarget
LHousehold:Non-Food Grocery
^
D7/10'19
U-531.20
T-531.20
CX
POregon Mutual Insurance
LInsurance:Auto
^
D7/11'19
U-54.36
T-54.36
CX
N`
PChevron
L--Split--
SAutomobile:Gasoline
Eg35 5.6
$-20.00
SCigarettes
$-7.11
SFood:Groceries
$-27.25
^
D7/11'19
U-81.24
T-81.24
CX
PGrocery Outlet
L--Split--
SFood:Groceries
$-64.26
SHousehold:Non-Food Grocery
$-16.98
^
D7/11'19
U-12.78
T-12.78
CX
PRainier RV
LHousehold:Non-Food Grocery
^
D7/11'19
U-32.40
T-32.40
CX
PLowes
Mvacuum cleaner
LHousehold:Non-Food Grocery
^
D7/12'19
U-29.74
T-29.74
CX
PGrocery Outlet
LFood:Groceries
^
D7/12'19
U-52.87
T-52.87
CX
PFred Meyer
LFood:Groceries
^
D7/12'19
U-784.11
T-784.11
CX
PWells Fargo Home Mortgage
MWF HOME MTG AUTO PAY 040820
L[Wells Fargo Home Mortgage]
^
D7/13'19
U-35.61
T-35.61
CX
PGrocery Outlet
LFood:Groceries
^
D7/13'19
U-10.32
T-10.32
CX
PDollar General
L--Split--
SCigarettes
$-6.82
SFood:Groceries
$-3.50
^
D7/13'19
U-20.23
T-20.23
CX
PGrocery Outlet
LFood:Groceries
^
D7/14'19
U-20.99
T-20.99
CX
N`
PChevron
L--Split--
S
$0.00
SCigarettes
$-7.11
SFood:Groceries
$-13.88
^
D7/15'19
U813.63
T813.63
CX
PFrank Sharron
L--Split--
SOther Income:Gifts Received
$1,000.00
S[STHCCU]
$-186.37
^
D7/15'19
U-203.00
T-203.00
CX
PFred Meyer
L--Split--
SHousehold:Non-Food Grocery
$-54.46
S
$0.00
SFood:Groceries
$-148.54
^
D7/15'19
U-28.15
T-28.15
CX
PGrocery Outlet
L--Split--
SFood:Groceries
$-20.16
SHousehold:Non-Food Grocery
$-7.99
^
D7/15'19
U-6.82
T-6.82
CX
PDollar General
LCigarettes
^
D7/15'19
U-105.00
T-105.00
CX
PCity Of Rainier
LBills:Water & Sewer
^
D7/16'19
U-90.80
T-90.80
CX
PFred Meyer
L--Split--
SHousehold:Non-Food Grocery
$-20.16
S
$0.00
SFood:Groceries
$-70.64
^
D7/16'19
U-59.74
T-59.74
CX
PLowes
L--Split--
SHousehold:Non-Food Grocery
$-19.76
SHousehold:Kitchen Supplies
Erotiserie
$-39.98
^
D7/16'19
U-83.13
T-83.13
CX
PRoss
LClothing:Jonas
^
D7/16'19
U-44.55
T-44.55
CX
PMinami Teryaki
LFood:Dining Out
^
D7/16'19
U-107.00
T-107.00
CX
PBoost Wireless
LBills:Cellular Phone
^
D7/16'19
U-37.26
T-37.26
CX
PGyros Gyros Bowers
LFood:Dining Out
^
D7/17'19
U-29.79
T-29.79
CX
PGrill Parts Search
Mrotissaire
LHousehold:Kitchen Supplies
^
D7/21'19
U-6.82
T-6.82
CX
PDollar General
LCigarettes
^
D7/22'19
U-6.82
T-6.82
CX
PDollar General
LCigarettes
^
D7/31'19
U0.17
T0.17
CX
NDIV
PSt. Helens Federal Credit Union
MDIVIDEND
LOther Income:Bank Dividend
^
D8/ 1'19
U-5.60
T-5.60
CX
PDollar General
LCigarettes
^
D8/ 3'19
U-22.97
T-22.97
CX
PGoodwill
L--Split--
SHousehold:Home Supplies
Eclothes steamer
$-14.99
SHousehold:Office Supplies
$-7.98
^
D8/13'19
U91.94
T91.94
CX
PCash
Mcheck $91.94 deposited
LOther Income:Cash
^
D8/13'19
U-91.94
T-91.94
CX
NTXFR
PTransfer Money
L[Cash Account]
^
D8/14'19
U1,927.00
T1,927.00
CX
NDEP
PSocial Security
LRetirement Income:Social Security Benefits
^
D8/14'19
U-127.48
T-127.48
CX
PChevron
L--Split--
SAutomobile:Gasoline
Eg35 15.5
$-54.20
SCigarettes
$-71.10
SFood:Groceries
$-2.18
^
D8/14'19
U-80.50
T-80.50
CX
PKaiser Permanente
LHealthcare:Prescriptions
^
D8/14'19
U-186.37
T-186.37
CX
NEFT
PSt. Helens Federal Credit Union
L[STHCCU]
^
D8/15'19
U-133.59
T-133.59
CX
NEFT
PClatskanie PUD
LBills:Electricity
^
D8/15'19
U-107.00
T-107.00
CX
PBoost Wireless
LBills:Cellular Phone
^
D8/15'19
U-15.62
T-15.62
CX
PSpencer Lake Grocery
LCigarettes
^
D8/15'19
U-784.11
T-784.11
CX
PWells Fargo Home Mortgage
MWF HOME MTG AUTO PAY 040820
L[Wells Fargo Home Mortgage]
^
D8/16'19
U-7.48
T-7.48
CX
PAirport Depot
LFood:Dining Out
^
D8/16'19
U-4.09
T-4.09
CX
PMcdonalds
LFood:Dining Out
^
D8/19'19
U-6.54
T-6.54
CX
PCheema Market
LCigarettes
^
D8/19'19
U-46.03
T-46.03
CX
PChevron
Mg35
LAutomobile:Gasoline
^
D8/20'19
U-125.00
T-125.00
CX
PFred Meyer
L--Split--
SHousehold:Non-Food Grocery
$-12.76
SPersonal Care
Eelectric razor
$-29.99
SFood:Groceries
$-82.25
^
D8/20'19
U-2.17
T-2.17
CX
PGoodwill
LHousehold:Office Supplies
^
D8/23'19
U-176.01
T-176.01
CX
PFred Meyer
L--Split--
SHousehold:Non-Food Grocery
$-11.87
S
Eelectric razor
$0.00
SFood:Groceries
$-164.14
^
D8/25'19
U-47.23
T-47.23
CX
PFred Meyer
LFood:Groceries
^
D8/26'19
U500.00
T500.00
CX
PCash
LOther Income:Cash
^
D8/26'19
U-189.98
T-189.98
CX
PBi-Mart
Mice maker and meat grinder
LHousehold:Kitchen Supplies
^
D8/26'19
U-49.20
T-49.20
CX
PChevron
L--Split--
SAutomobile:Gasoline
Eg35 12.3
$-42.45
S
$0.00
S
$0.00
SFood:Groceries
$-6.75
^
D8/26'19
U-43.35
T-43.35
CX
POoriental Cafe
LFood:Dining Out
^
D8/26'19
U-31.92
T-31.92
CX
PGoodwill
LHousehold:Kitchen Supplies
^
D8/27'19
U-46.50
T-46.50
CX
PRogue
LFood:Dining Out
^
D8/27'19
U-55.42
T-55.42
CX
PEl Tapatio
LFood:Dining Out
^
D8/28'19
U-18.50
T-18.50
CX
PChevron
L--Split--
SCigarettes
$-7.11
S
$0.00
S
$0.00
SFood:Groceries
$-11.39
^
D8/30'19
U-9.29
T-9.29
CX
PChevron
L--Split--
SCigarettes
$-7.11
S
$0.00
S
$0.00
SFood:Groceries
$-2.18
^
D8/30'19
U-17.70
T-17.70
CX
PGrocery Outlet
LFood:Groceries
^
D8/31'19
U0.37
T0.37
CX
NDIV
PSt. Helens Federal Credit Union
MDIVIDEND
LOther Income:Bank Dividend
^
D8/31'19
U-5.18
T-5.18
CX
PChevron
LCigarettes
^
D8/31'19
U-11.39
T-11.39
CX
PChevron
LFood:Groceries
^
D9/ 1'19
U-19.57
T-19.57
CX
PGrocery Outlet
LFood:Groceries
^
D9/ 1'19
U-18.89
T-18.89
CX
PChevron
L--Split--
SFood:Dining Out
$-11.78
SCigarettes
$-7.11
^
D9/ 2'19
U-11.39
T-11.39
CX
PChevron
LFood:Groceries
^
D9/ 2'19
U-9.29
T-9.29
CX
PChevron
L--Split--
SCigarettes
$-7.11
SFood:Dining Out
$-2.18
^
D9/ 3'19
U-6.82
T-6.82
CX
PDollar General
LCigarettes
^
D9/ 3'19
U-6.82
T-6.82
CX
PDollar General
LCigarettes
^
D9/ 4'19
U29.79
T29.79
CX
PGrill Parts Search
Mrefund for rotissaire
LHousehold:Kitchen Supplies
^
D9/ 4'19
U-6.82
T-6.82
CX
PDollar General
LCigarettes
^
D9/ 5'19
U600.00
T600.00
CX
PShalon Cade
LOther Income:Rent
^
D9/ 5'19
U-6.59
T-6.59
CX
PChevron
LFood:Dining Out
^
D9/ 5'19
U-51.23
T-51.23
CX
PGrocery Outlet
LFood:Groceries
^
D9/ 5'19
U-10.56
T-10.56
CX
PChevron
LFood:Groceries
^
D9/ 6'19
U-17.35
T-17.35
CX
PKaiser Permanente
LHealthcare:Prescriptions
^
D9/ 6'19
U-73.00
T-73.00
CX
PFred Meyer
LFood:Groceries
^
D9/ 6'19
U-61.76
T-61.76
CX
PICHI
LFood:Dining Out
^
D9/ 6'19
U-10.79
T-10.79
CX
PRoss
LHousehold:Non-Food Grocery
^
D9/ 6'19
U-58.00
T-58.00
CX
PZYBOOK
Mdiscrete structures text
LEducation:Books
^
D9/ 6'19
U-209.91
T-209.91
CX
NEFT
PXfinity
MConfirmation number #2938435702
LBills:Online Services
^
D9/ 7'19
U-54.86
T-54.86
CX
PGoodwill
L--Split--
SClothing:Jonas
$-8.98
STech:Office:Supplies
Ecomputer cords
$-3.98
STech:Office:Books
Ecomputer books
$-41.90
^
D9/ 7'19
U-14.22
T-14.22
CX
PGrocery Outlet
LFood:Groceries
^
D9/ 8'19
U-17.48
T-17.48
CX
PChevron
L--Split--
SCigarettes
$-7.11
SFood:Dining Out
$-10.37
^
D9/ 9'19
U-6.82
T-6.82
CX
PDollar General
LCigarettes
^
D9/10'19
U-20.00
T-20.00
CX
PCapital One
L[9550 CAP ONE QS]
^
D9/11'19
U1,927.00
T1,927.00
CX
NDEP
PSocial Security
LRetirement Income:Social Security Benefits
^
D9/11'19
U-44.47
T-44.47
CX
PChevron
L--Split--
SCigarettes
$-7.11
SFood:Dining Out
$-5.00
SFood:Groceries
$-32.36
^
D9/11'19
U-412.20
T-412.20
CX
POregon Mutual Insurance
MK10476
LInsurance:Auto
^
D9/12'19
U-33.74
T-33.74
CX
PGrocery Outlet
LFood:Groceries
^
D9/12'19
U-7.11
T-7.11
CX
PChevron
LCigarettes
^
D9/12'19
U-36.62
T-36.62
CX
PIndy Way Diner
LFood:Dining Out
^
D9/12'19
U-88.99
T-88.99
CX
PAmazon
Mmattress topper
LHousehold:Furnishings
^
D9/12'19
U-26.95
T-26.95
CX
PAmazon
Mmattress pad
LHousehold:Furnishings
^
D9/12'19
U-214.11
T-214.11
CX
NEFT
PCity Of Rainier
LBills:Water & Sewer
^
D9/13'19
U-35.28
T-35.28
CX
PFred Meyer
L--Split--
SFood:Groceries
$-30.29
SHousehold:Non-Food Grocery
$-4.99
^
D9/13'19
U-58.96
T-58.96
CX
PGoodwill
Mwater cooler
LHousehold:Kitchen Supplies
^
D9/13'19
U-13.70
T-13.70
CX
PChevron
L--Split--
SCigarettes
$-7.11
SFood:Dining Out
$-6.59
^
D9/13'19
U-784.11
T-784.11
CX
NEFT
PWells Fargo Home Mortgage
M0812483784*
L[Wells Fargo Home Mortgage]
^
D9/14'19
U-6.82
T-6.82
CX
PDollar General
LCigarettes
^
D9/16'19
U-55.42
T-55.42
CX
PFred Meyer
LFood:Groceries
^
D9/16'19
U-8.99
T-8.99
CX
PAmazon
Mkvm vga cord
LTech:IT:Materials
^
D9/16'19
U-107.00
T-107.00
CX
PBoost Wireless
LBills:Cellular Phone
^
D9/18'19
U-7.11
T-7.11
CX
PChevron
LCigarettes
^
D9/20'19
U213.63
T213.63
CX
PTransfer Money
L[STHCCU Savings]
^
D9/20'19
U-7.11
T-7.11
CX
PChevron
LCigarettes
^
D9/20'19
U-72.99
T-72.99
CX
PWalmart
L--Split--
SHousehold:Non-Food Grocery
$-21.85
SCash Withdrawal
Epurchase for shalon- sheets and lamp
$-20.30
SFood:Groceries
$-30.84
^
D9/20'19
U-11.65
T-11.65
CX
PSubway
LFood:Dining Out
^
D9/21'19
U-16.00
T-16.00
CX
PGoodwill
L--Split--
SHousehold:Home Decor
Epainting
$-8.45
STech:Office:Supplies
Ekeyboard shelf
$-7.55
^
D9/21'19
U-15.16
T-15.16
CX
PChevron
LFood:Groceries
^
D9/21'19
U-14.48
T-14.48
CX
PRainier Deli
LFood:Dining Out
^
D9/21'19
U-0.41
T-0.41
CX
PHob Nob Brewery
LFood:Dining Out
^
D9/22'19
U-34.99
T-34.99
CX
PPopular Science Shop
Mpython boot camp
LEducation:Books
^
D9/22'19
U-25.45
T-25.45
CX
PGrocery Outlet
LFood:Groceries
^
D9/23'19
U-13.70
T-13.70
CX
PChevron
L--Split--
SCigarettes
$-7.11
S
$0.00
SFood:Dining Out
$-6.59
^
D9/27'19
U4,271.70
T4,271.70
CX
PUniv. Of Mass.
MUNIV. OF MASS. EXCESS
LOther Income:Refund
^
D9/27'19
U-7.00
T-7.00
CX
P2c's Vendor Mall
LLeisure:Books & Magazines
^
D9/27'19
U-84.04
T-84.04
CX
PChevron
L--Split--
SCigarettes
$-7.11
S
$0.00
SFood:Groceries
$-28.16
SAutomobile:Gasoline
Eg35 14.7
$-48.77
^
D9/27'19
U-82.43
T-82.43
CX
PGoodwill
L--Split--
SClothing:Jonas
$-7.99
SHousehold:Kitchen Supplies
$-54.19
SHousehold:Office Supplies
$-20.25
^
D9/27'19
U-50.35
T-50.35
CX
POriental Cafe
LFood:Dining Out
^
D9/27'19
U-38.53
T-38.53
CX
PGrocery Outlet
LFood:Groceries
^
D9/27'19
U-40.00
T-40.00
CX
NEFT
PSt. Helens Federal Credit Union
Mfee to skip payment
LBank Charges
^
D9/27'19
U-2,929.00
T-2,929.00
CX
NTXFR
PTransfer Money
L[Infiniti G35]
^
D9/28'19
U-35.62
T-35.62
CX
PGoodwill
LHousehold:Kitchen Supplies
^
D9/28'19
U-100.39
T-100.39
CX
PHome Depot
M2
L--Split--
SBills:Wood Fuel
E2
$-10.36
SHome Improvement:Materials
Eupstairs bath sink
$-90.03
^
D9/28'19
U-200.46
T-200.46
CX
PRoss
LClothing:Jonas
^
D9/28'19
U-11.29
T-11.29
CX
PChevron
LFood:Groceries
^
D9/28'19
U-60.03
T-60.03
CX
PApplebee's
LFood:Dining Out
^
D9/28'19
U-60.00
T-60.00
CX
PCostco
LLeisure:Subscriptions
^
D9/29'19
U-8.96
T-8.96
CX
PChevron
L--Split--
SCigarettes
$-7.11
S
$0.00
SFood:Groceries
$-1.85
^
D9/29'19
U-14.95
T-14.95
CX
PChegg
LEducation:Books
^
D9/30'19
U0.41
T0.41
CX
NDIV
PSt. Helens Federal Credit Union
MDIVIDEND
LOther Income:Bank Dividend
^
D10/ 1'19
U-74.76
T-74.76
CX
PHudson Garbage Services
LBills:Garbage & Recycle
^
D10/ 2'19
U-23.28
T-23.28
CX
PSubway
LFood:Dining Out
^
D10/ 2'19
U-115.95
T-115.95
CX
NEFT
PXfinity
MConfirmation number #2938435702
L--Split--
SBills:Online Services
$-89.48
SBills:Cable Television
$-26.47
^
D10/ 3'19
U-15.87
T-15.87
CX
PDon Pedros
LFood:Dining Out
^
D10/ 3'19
U-10.02
T-10.02
CX
PDollar General
L--Split--
SCigarettes
$-6.82
SFood:Groceries
$-3.20
^
D10/ 3'19
U-15.11
T-15.11
CX
PRoss
LClothing:Jonas
^
D10/ 3'19
U-255.51
T-255.51
CX
NEFT
PClatskanie PUD
LBills:Electricity
^
D10/ 9'19
U1,927.00
T1,927.00
CX
NDEP
PSocial Security
LRetirement Income:Social Security Benefits
^
D10/ 9'19
U-140.88
T-140.88
CX
PFred Meyer
LFood:Groceries
^
D10/ 9'19
U-186.37
T-186.37
CX
NEFT
PSt. Helens Federal Credit Union
L[STHCCU]
^
D10/ 9'19
U-499.60
T-499.60
CX
POregon Mutual Insurance
LInsurance:Auto
^
D10/10'19
U-51.03
T-51.03
CX
PGrocery Outlet
LFood:Groceries
^
D10/10'19
U-25.00
T-25.00
CX
PCapital One Online
L[9550 CAP ONE QS]
^
D10/10'19
U-107.00
T-107.00
CX
PBoost Wireless
LBills:Cellular Phone
^
D10/11'19
U-784.11
T-784.11
CX
PWells Fargo Home Mortgage
MWF HOME MTG AUTO PAY 040820
L[Wells Fargo Home Mortgage]
^
D10/13'19
U-119.40
T-119.40
CX
PCourse Hero
LEducation:Books
^
D10/17'19
U-26.27
T-26.27
CX
PDeli Store
LFood:Dining Out
^
D10/18'19
U-19.93
T-19.93
CX
PGoodwill
LHousehold:Office Supplies
^
D10/20'19
U-6.20
T-6.20
CX
PChevron
LFood:Groceries
^
D10/29'19
U40.65
T40.65
CX
PCash
LOther Income:Cash
^
D10/29'19
U-16.31
T-16.31
CX
PChevron
L--Split--
SCigarettes
$-7.11
S
$0.00
SFood:Dining Out
$-3.00
SFood:Groceries
$-6.20
^
D10/29'19
U-21.14
T-21.14
CX
PGrocery Outlet
LFood:Groceries
^
D10/30'19
U-4.76
T-4.76
CX
PChevron
LCigarettes
^
D10/31'19
U0.21
T0.21
CX
NDIV
PSt. Helens Federal Credit Union
MDIVIDEND
LOther Income:Bank Dividend
^
D11/ 1'19
U46.32
T46.32
CX
PCash
LOther Income:Cash
^
D11/ 1'19
U-26.24
T-26.24
CX
PGrocery Outlet
LFood:Groceries
^
D11/ 1'19
U-17.55
T-17.55
CX
PEarth N Sun
M3
LBills:Wood Fuel
^
D11/ 6'19
U109.00
T109.00
CX
PCash
LOther Income:Cash
^
D11/ 6'19
U-19.23
T-19.23
CX
PWalmart
Mbluetooth
LAutomobile:Accessories
^
D11/ 6'19
U-12.98
T-12.98
CX
PGrocery Outlet
Mbt radio
LAutomobile:Accessories
^
D11/ 7'19
U-10.29
T-10.29
CX
PChevron
L--Split--
SCigarettes
$-7.21
SFood:Groceries
$-2.18
SFood:Dining Out
$-0.90
^
D11/ 7'19
U-8.67
T-8.67
CX
PGrocery Outlet
LFood:Groceries
^
D11/ 7'19
U-7.95
T-7.95
CX
PAmazon
Mcables to bt stereo
LAutomobile:Accessories
^
D11/ 7'19
U-25.00
T-25.00
CX
PCapital One Online
L[9550 CAP ONE QS]
^
D11/ 7'19
U-14.95
T-14.95
CX
PChegg
LEducation:Books
^
D11/13'19
U1,927.00
T1,927.00
CX
NDEP
PSocial Security
LRetirement Income:Social Security Benefits
^
D11/13'19
U-60.93
T-60.93
CX
PChevron
L--Split--
SCigarettes
$-7.21
SFood:Groceries
$-2.79
SAutomobile:Gasoline
Eg35 14.1
$-50.93
^
D11/13'19
U-69.36
T-69.36
CX
PGrocery Outlet
Mbt radio
LFood:Groceries
^
D11/13'19
U-186.37
T-186.37
CX
NEFT
PSt. Helens Federal Credit Union
L[STHCCU]
^
D11/13'19
U-16.15
T-16.15
CX
PGyros Gyros Bowers
LFood:Dining Out
^
D11/14'19
U-18.59
T-18.59
CX
PChevron
L--Split--
SCigarettes
$-7.21
SFood:Dining Out
$-3.00
SFood:Groceries
$-8.38
^
D11/14'19
U-138.18
T-138.18
CX
NEFT
PClatskanie PUD
LBills:Electricity
^
D11/14'19
U-109.95
T-109.95
CX
NEFT
PXfinity
MConfirmation number #2938435702
LBills:Online Services
^
D11/14'19
U-107.00
T-107.00
CX
PBoost Wireless
LBills:Cellular Phone
^
D11/15'19
U-7.21
T-7.21
CX
PChevron
LCigarettes
^
D11/15'19
U-90.73
T-90.73
CX
PFred Meyer
LFood:Groceries
^
D11/15'19
U-18.73
T-18.73
CX
PFultanos Pizza Clatska
LFood:Dining Out
^
D11/15'19
U-213.56
T-213.56
CX
PCity Of Rainier
LBills:Water & Sewer
^
D11/15'19
U-784.11
T-784.11
CX
PWells Fargo Home Mortgage
MWF HOME MTG AUTO PAY 040820
L[Wells Fargo Home Mortgage]
^
D11/15'19
U-60.00
T-60.00
CX
PKaiser Permanente
LHealthcare:Prescriptions
^
D11/17'19
U-18.87
T-18.87
CX
PChevron
L--Split--
SCigarettes
$-7.21
SFood:Groceries
$-11.66
^
D11/17'19
U-8.11
T-8.11
CX
PKaiser Permanente
LHealthcare:Prescriptions
^
D11/18'19
U-10.00
T-10.00
CX
PDollar General
LFood:Groceries
^
D11/19'19
U-3.00
T-3.00
CX
PChevron
LFood:Dining Out
^
D11/19'19
U-17.35
T-17.35
CX
PKaiser Permanente
LHealthcare:Prescriptions
^
D11/21'19
U392.00
T392.00
CX
PCash
LOther Income:Cash
^
D11/21'19
U-72.49
T-72.49
CX
PWalmart
LFood:Groceries
^
D11/22'19
U-16.42
T-16.42
CX
PGrocery Outlet
LFood:Groceries
^
D11/22'19
U-15.59
T-15.59
CX
PChevron
L--Split--
SCigarettes
$-7.21
SFood:Groceries
$-8.38
^
D11/22'19
U-5.90
T-5.90
CX
PDollar General
LFood:Groceries
^
D11/22'19
U-15.99
T-15.99
CX
PNetflix
LGifts:Shalon
^
D11/23'19
U-16.80
T-16.80
CX
PHome Depot
M3
LBills:Wood Fuel
^
D11/23'19
U-8.15
T-8.15
CX
PGrocery Outlet
LFood:Groceries
^
D11/24'19
U-13.76
T-13.76
CX
PGrocery Outlet
LFood:Groceries
^
D11/25'19
U100.00
T100.00
CX
PCash
LOther Income:Cash
^
D11/25'19
U-5.60
T-5.60
CX
PSubway
LFood:Dining Out
^
D11/25'19
U-13.41
T-13.41
CX
PChevron
L--Split--
SCigarettes
$-7.21
S
$0.00
SFood:Groceries
$-6.20
^
D11/25'19
U-13.41
T-13.41
CX
PChevron
L--Split--
SCigarettes
$-7.21
S
$0.00
SFood:Groceries
$-6.20
^
D11/26'19
U-131.31
T-131.31
CX
PWalmart
L--Split--
SHousehold:Non-Food Grocery
$-8.74
SFood:Groceries
$-122.57
^
D11/27'19
U-99.26
T-99.26
CX
PEl Ranchero
LFood:Dining Out
^
D11/28'19
U-6.85
T-6.85
CX
PJackpot Foodmart
LCigarettes
^
D11/29'19
U-33.75
T-33.75
CX
PProctorU
LEducation
^
D11/29'19
U-14.95
T-14.95
CX
PChegg
LEducation:Books
^
D11/30'19
U0.26
T0.26
CX
NDIV
PSt. Helens Federal Credit Union
MDIVIDEND
LOther Income:Bank Dividend
^
D11/30'19
U-7.21
T-7.21
CX
PChevron
LCigarettes
^
D12/ 4'19
U440.00
T440.00
CX
PCash
LOther Income:Cash
^
D12/ 4'19
U-64.61
T-64.61
CX
PGrocery Outlet
LFood:Groceries
^
D12/ 4'19
U-6.91
T-6.91
CX
PDollar General
LCigarettes
^
D12/ 4'19
U-29.29
T-29.29
CX
PAmazon
Mhp printer toner
LHousehold:Office Supplies
^
D12/ 5'19
U-108.89
T-108.89
CX
PWalmart
L--Split--
SHousehold:Non-Food Grocery
$-32.50
S
$0.00
SFood:Groceries
$-76.39
^
D12/ 5'19
U-24.99
T-24.99
CX
PEbay
LHousehold:Office Supplies
^
D12/ 6'19
U-19.61
T-19.61
CX
PChevron
L--Split--
SCigarettes
$-7.21
SFood:Groceries
$-12.40
^
D12/ 6'19
U-40.00
T-40.00
CX
PCapital One Online
L[9550 CAP ONE QS]
^
D12/ 6'19
U-70.57
T-70.57
CX
PHudson Garbage Services
LBills:Garbage & Recycle
^
D12/ 6'19
U-24.08
T-24.08
CX
PAmazon
Mcables to bt stereo
LAutomobile:Accessories
^
D12/ 7'19
U-31.95
T-31.95
CX
PGoodwill
LClothing:Jonas
^
D12/ 8'19
U-7.98
T-7.98
CX
PGrocery Outlet
LFood:Groceries
^
D12/ 8'19
U-13.41
T-13.41
CX
PChevron
L--Split--
SCigarettes
$-7.21
SFood:Groceries
$-6.20
^
D12/11'19
U1,927.00
T1,927.00
CX
NDEP
PSocial Security
LRetirement Income:Social Security Benefits
^
D12/11'19
U-67.91
T-67.91
CX
PChevron
L--Split--
SCigarettes
$-7.21
SFood:Groceries
$-12.40
SAutomobile:Gasoline
Eg35 13.8
$-48.30
^
D12/11'19
U-117.15
T-117.15
CX
PWalmart
L--Split--
SHousehold:Non-Food Grocery
$-3.42
SHousehold:Furnishings
$-26.64
SFood:Groceries
$-87.09
^
D12/11'19
U-131.21
T-131.21
CX
NEFT
PClatskanie PUD
LBills:Electricity
^
D12/11'19
U-472.96
T-472.96
CX
POregon Mutual Insurance
LInsurance:Auto
^
D12/11'19
U-107.00
T-107.00
CX
PBoost Wireless
LBills:Cellular Phone
^
D12/11'19
U-784.11
T-784.11
CX
PWells Fargo Home Mortgage
MWF HOME MTG AUTO PAY 031120
L[Wells Fargo Home Mortgage]
^
D12/12'19
U-51.66
T-51.66
CX
PGrocery Outlet
LFood:Groceries
^
D12/12'19
U-6.91
T-6.91
CX
PDollar General
LCigarettes
^
D12/13'19
U-8.60
T-8.60
CX
PGoodwill
LClothing:Jonas
^
D12/13'19
U-55.66
T-55.66
CX
PThe Office
LFood:Dining Out
^
D12/16'19
U-20.85
T-20.85
CX
PGrocery Outlet
LFood:Groceries
^
D12/16'19
U-49.00
T-49.00
CX
PSurfcrest Market
LFood:Groceries
^
D12/19'19
U407.00
T407.00
CX
PCash
LOther Income:Cash
^
D12/19'19
U-22.61
T-22.61
CX
PChevron
L--Split--
SCigarettes
$-7.21
SFood:Dining Out
$-15.40
^
D12/19'19
U-148.57
T-148.57
CX
PFred Meyer
L--Split--
SAutomobile:Parts
Ewiper blades
$-40.98
SHousehold:Office Supplies
$-7.68
SFood:Groceries
$-99.91
^
D12/20'19
U-47.00
T-47.00
CX
PHot Topic
LGifts:Shalon
^
D12/20'19
U-8.30
T-8.30
CX
PChevron
L--Split--
SCigarettes
$-7.21
SFood:Groceries
$-1.09
^
D12/21'19
U-68.31
T-68.31
CX
PUrban Saloon
LFood:Dining Out
^
D12/21'19
U-15.99
T-15.99
CX
PNetflix
LGifts:Shalon
^
D12/22'19
U-22.21
T-22.21
CX
PChevron
L--Split--
SCigarettes
$-6.81
SFood:Groceries
$-15.40
^
D12/23'19
U-6.91
T-6.91
CX
PDollar General
LCigarettes
^
D12/24'19
U-56.31
T-56.31
CX
PChevron
L--Split--
SCigarettes
$-14.42
SFood:Dining Out
$-1.00
SAutomobile:Gasoline
Eg35 11.9
$-40.89
^
D12/27'19
U1,000.00
T1,000.00
CX
PFrank Sharron
LOther Income:Gifts Received
^
D12/27'19
U-63.60
T-63.60
CX
PChevron
L--Split--
SCigarettes
$-7.21
SFood:Dining Out
$-15.29
SAutomobile:Gasoline
Eg35 11.7
$-41.10
^
D12/27'19
U-101.85
T-101.85
CX
PGoodwill
L--Split--
SClothing:Jonas
$-72.92
S
$0.00
SHousehold:Office Supplies
$-28.93
^
D12/27'19
U-23.26
T-23.26
CX
PMcdonalds
LFood:Dining Out
^
D12/27'19
U-14.40
T-14.40
CX
PFred Meyer
LFood:Groceries
^
D12/27'19
U-186.37
T-186.37
CX
NEFT
PSt. Helens Federal Credit Union
L[STHCCU]
^
D12/27'19
U-127.97
T-127.97
CX
NEFT
PClatskanie PUD
LBills:Electricity
^
D12/27'19
U-109.95
T-109.95
CX
NEFT
PXfinity
MConfirmation number #2938435702
LBills:Online Services
^
D12/28'19
U-197.24
T-197.24
CX
PFred Meyer
L--Split--
SHousehold:Non-Food Grocery
$-23.98
SHousehold:Office Supplies
$-12.96
SFood:Groceries
$-160.30
^
D12/28'19
U-27.25
T-27.25
CX
PTarget
LFood:Groceries
^
D12/29'19
U-28.28
T-28.28
CX
PHome Depot
M2
L--Split--
SBills:Wood Fuel
E2
$-10.96
SHousehold:Office Supplies
$-17.32
^
D12/29'19
U-29.99
T-29.99
CX
PWalmart
L--Split--
SHousehold:Non-Food Grocery
Ecat food
$-18.48
S
$0.00
S
$0.00
SFood:Groceries
$-11.51
^
D12/29'19
U-25.09
T-25.09
CX
PFred Meyer
LFood:Groceries
^
D12/30'19
U0.29
T0.29
CX
NDIV
PSt. Helens Federal Credit Union
MDIVIDEND
LOther Income:Bank Dividend
^
D12/30'19
U-22.36
T-22.36
CX
PTaco Time
LFood:Dining Out
^
D12/30'19
U-100.00
T-100.00
CX
PCapital One Online
L[9550 CAP ONE QS]
^
D1/ 1'20
U-7.21
T-7.21
CX
PChevron
LCigarettes
^
D1/ 3'20
U500.00
T500.00
CX
PCash
M09/24 balance
LOther Income:Cash
^
D1/ 3'20
U-11.30
T-11.30
CX
PChevron
L--Split--
SCigarettes
$-7.21
SFood:Dining Out
$-4.09
^
D1/ 3'20
U-78.23
T-78.23
CX
PFred Meyer
LFood:Groceries
^
D1/ 4'20
U-52.25
T-52.25
CX
PPlymouth Pub
LFood:Dining Out
^
D1/ 4'20
U-44.49
T-44.49
CX
PGoodwill
LClothing:Jonas
^
D1/ 4'20
U-29.88
T-29.88
CX
PWalmart
Mbookcase
LHousehold:Furnishings
^
D1/ 4'20
U-88.45
T-88.45
CX
PGoodwill
L--Split--
SClothing:Jonas
$-33.02
SHousehold:Kitchen Supplies
$-24.99
SHousehold:Office Supplies
$-30.44
^
D1/ 4'20
U-38.43
T-38.43
CX
PChevron
Mg35 11
LAutomobile:Gasoline
^
D1/ 4'20
U-87.35
T-87.35
CX
PGoodwill
L--Split--
SClothing:Jonas
$-44.97
SHousehold:Kitchen Supplies
$-3.99
SHousehold:Office Supplies
$-38.39
^
D1/ 5'20
U-11.20
T-11.20
CX
PHome Depot
M2
LBills:Wood Fuel
^
D1/ 5'20
U-13.53
T-13.53
CX
PChevron
L--Split--
SCigarettes
$-7.21
SFood:Groceries
$-6.32
^
D1/ 5'20
U-32.30
T-32.30
CX
PWalmart
Mbookcase
LHousehold:Furnishings
^
D1/ 7'20
U-5.85
T-5.85
CX
PEarth N Sun
M1
LFood:Groceries
^
D1/ 8'20
U1,952.00
T1,952.00
CX
NDEP
PSocial Security
LRetirement Income:Social Security Benefits
^
D1/ 8'20
U-225.39
T-225.39
CX
PFred Meyer
MPOS 0205 1550 050885 FRED-MEYER #0185 LONGVIEW WA
LFood:Groceries
^
D1/ 8'20
U-22.87
T-22.87
CX
PTractor Supply
M4
LBills:Wood Fuel
^
D1/ 8'20
U-17.77
T-17.77
CX
PChevron
L--Split--
SCigarettes
$-7.21
SFood:Groceries
$-10.56
^
D1/ 9'20
U-23.19
T-23.19
CX
PKaiser Permanente
LHealthcare:Prescriptions
^
D1/ 9'20
U-11.80
T-11.80
CX
PChevron
L--Split--
SCigarettes
$-7.21
SFood:Dining Out
$-4.59
^
D1/ 9'20
U-24.00
T-24.00
CX
PGreat Clips
LPersonal Care
^
D1/10'20
U-16.15
T-16.15
CX
PGyros Gyros Bowers
LFood:Dining Out
^
D1/10'20
U-17.13
T-17.13
CX
PChevron
L--Split--
SCigarettes
$-7.21
SFood:Groceries
$-9.92
^
D1/10'20
U-205.44
T-205.44
CX
PCity Of Rainier
MDEBIT CARD DEBIT 03-11-2020
LBills:Water & Sewer
^
D1/10'20
U-3.99
T-3.99
CX
PAmazon
LLeisure:Movie Purchase
^
D1/10'20
U-9.99
T-9.99
CX
PUdemy Online
LEducation:Books
^
D1/11'20
U-57.18
T-57.18
CX
PTractor Supply
M10
LBills:Wood Fuel
^
D1/11'20
U-111.43
T-111.43
CX
PWalmart
LFood:Groceries
^
D1/12'20
U-15.68
T-15.68
CX
PGrocery Outlet
L--Split--
SFood:Groceries
$-5.70
SHousehold:Non-Food Grocery
Ebody wash
$-9.98
^
D1/12'20
U-22.80
T-22.80
CX
PChevron
L--Split--
SCigarettes
$-14.42
SFood:Groceries
$-8.38
^
D1/14'20
U-13.82
T-13.82
CX
PDollar General
LCigarettes
^
D1/14'20
U-44.64
T-44.64
CX
PGrocery Outlet
LFood:Groceries
^
D1/14'20
U-784.11
T-784.11
CX
PWells Fargo Home Mortgage
MWF HOME MTG AUTO PAY 031120
L[Wells Fargo Home Mortgage]
^
D1/15'20
U-12.08
T-12.08
CX
PGrocery Outlet
LFood:Groceries
^
D1/15'20
U-107.00
T-107.00
CX
PBoost Wireless
LBills:Cellular Phone
^
D1/16'20
U-16.70
T-16.70
CX
PChevron
L--Split--
SCigarettes
$-7.21
SFood:Groceries
$-9.49
^
D1/16'20
U-74.95
T-74.95
CX
PZoosk
LLeisure:Subscriptions
^
D1/17'20
U-49.58
T-49.58
CX
PChevron
L--Split--
SCigarettes
$-7.21
SAutomobile:Gasoline
Eg35 10.3
$-36.17
SFood:Groceries
$-6.20
^
D1/17'20
U-24.65
T-24.65
CX
PAmazon
LHousehold:Office Supplies
^
D1/20'20
U-7.21
T-7.21
CX
PChevron
LCigarettes
^
D1/21'20
U-9.21
T-9.21
CX
PChevron
L--Split--
SCigarettes
$-7.21
SFood:Dining Out
$-2.00
^
D1/21'20
U-12.99
T-12.99
CX
PNetflix
LGifts:Shalon
^
D1/23'20
U-14.95
T-14.95
CX
PChegg
LEducation:Books
^
D1/23'20
U-3.38
T-3.38
CX
PChevron
LFood:Dining Out
^
D1/31'20
U0.55
T0.55
CX
NDIV
PSt. Helens Federal Credit Union
MDIVIDEND
LOther Income:Bank Dividend
^
D2/ 5'20
U0.00
T0.00
CX
P**VOID**Chevron
MPOS 0205 1439 049508 CHEVRON/WILSON O RAINIER OR
L--Split--
SCigarettes
$0.00
SFood:Groceries
$0.00
^
D2/ 5'20
U683.00
T683.00
CX
PDeposit
MDEPOSIT
LOther Income:Cash
^
D2/ 5'20
U-100.00
T-100.00
CX
PCapital One Online
MCAPITAL ONE ONLINE PMT200205
L[9550 CAP ONE QS]
^
D2/ 5'20
U-186.37
T-186.37
CX
PSTHCCU
L--Split--
S[STHCCU]
$-186.37
SLoan:STHCUU Interest
$0.00
^
D2/ 5'20
U-178.34
T-178.34
CX
PFred Meyer
MPOS 0205 1550 050885 FRED-MEYER #0185 LONGVIEW WA
LFood:Groceries
^
D2/ 5'20
U-58.41
T-58.41
CX
PChevron
MPOS 0205 1439 049508 CHEVRON/WILSON O RAINIER OR
L--Split--
SAutomobile:Gasoline
Eg35 12.9
$-44.00
SCigarettes
$-7.21
SFood:Dining Out
$-7.20
^
D2/ 6'20
U-28.59
T-28.59
CX
PTractor Supply
MPOS 0206 1306 065509 TRACTOR SUPPLY # KELSO WA;5
LBills:Wood Fuel
^
D2/ 7'20
U-10.21
T-10.21
CX
PChevron
MPOS 0207 1428 086945 CHEVRON/WILSON O RAINIER OR
L--Split--
SCigarettes
$-7.21
SFood:Dining Out
$-3.00
^
D2/ 7'20
U-9.00
T-9.00
CX
PSubway
MDEBIT CARD DEBIT 02-06-2020
LFood:Dining Out
^
D2/ 8'20
U-33.49
T-33.49
CX
PGoodwill
MDEBIT CARD DEBIT 02-06-2020
L--Split--
SClothing:Jonas
$-15.47
SHousehold:Office Supplies
$-18.02
^
D2/ 9'20
U728.64
T728.64
POther
M02/09/2025 reconcile
^
D2/ 9'20
U-29.86
T-29.86
CX
PThe Corner Cafe
MDEBIT CARD DEBIT 02-08-2020
LFood:Dining Out
^
D2/ 9'20
U-19.00
T-19.00
CX
PGoodwill
MDEBIT CARD DEBIT 02-08-2020
LHousehold:Office Supplies
^
D2/ 9'20
U-17.18
T-17.18
CX
PChevron
MPOS 0209 1844 128776 CHEVRON/WILSON O RAINIER OR
L--Split--
SCigarettes
$-7.21
SFood:Groceries
$-9.97
^
D2/11'20
U-7.79
T-7.79
CX
PSubway
MDEBIT CARD DEBIT 02-10-2020
LFood:Dining Out
^
D2/12'20
U1,952.00
T1,952.00
CX
NDEP
PSocial Security
LRetirement Income:Social Security Benefits
^
D2/12'20
U-472.96
T-472.96
CX
POregon Mutual Insurance
LInsurance:Auto
^
D2/12'20
U-112.69
T-112.69
CX
PWalmart
MPOS 0212 1257 175564 WM SUPERCENTER # LONGVIEW WA
L--Split--
SHousehold:Non-Food Grocery
Epuppy pads
$-23.98
SFood:Groceries
$-88.71
^
D2/12'20
U-61.56
T-61.56
CX
PTractor Supply
MPOS 0212 1225 174673 TRACTOR SUPPLY # KELSO WA
L--Split--
SBills:Wood Fuel
E5
$-26.45
SHousehold:Non-Food Grocery
Ecat litter
$-35.11
^
D2/12'20
U-7.20
T-7.20
CX
PChevron
MPOS 0212 1207 174318 CHEVRON/WILSON O RAINIER OR
LFood:Dining Out
^
D2/13'20
U-204.84
T-204.84
CX
NEFT
PClatskanie PUD
LBills:Electricity
^
D2/13'20
U-119.00
T-119.00
CX
PAmazon
MDEBIT CARD DEBIT 02-13-2020
LLeisure:Subscriptions
^
D2/13'20
U-7.21
T-7.21
CX
PChevron
MPOS 0213 1455 196462 CHEVRON/WILSON O RAINIER OR
LCigarettes
^
D2/14'20
U4,319.07
T4,319.07
CX
PUniv. Of Mass.
MUNIV. OF MASS. EXCESS CHK200213
LOther Income:Refund
^
D2/14'20
U-506.92
T-506.92
CX
PCapital One Online
MCAPITAL ONE ONLINE PMT200214
L[9550 CAP ONE QS]
^
D2/14'20
U-1,414.98
T-1,414.98
CX
PAmazon
Mdell Optiplex Xe3 desktops (2)
LTech:Office:Capital
^
D2/14'20
U-714.99
T-714.99
CX
NEFT
PSt. Helens Federal Credit Union
L[STHCCU]
^
D2/14'20
U-379.99
T-379.99
CX
PAmazon
MSamsung 34-Inch SJ55W Ultrawide Gaming Monitor (LS34J550WQNXZA)
LTech:Office:Supplies
^
D2/14'20
U-236.53
T-236.53
CX
PAmazon
Mmonitor mounts, caddy, wacoom pad
LTech:Office:Supplies
^
D2/14'20
U-107.00
T-107.00
CX
PBoost Wireless
MDEBIT CARD DEBIT 02-14-2020
LBills:Cellular Phone
^
D2/14'20
U-59.80
T-59.80
CX
PAmazon
MPOS 0214 1433 216249 AMAZON.COM*R714D SEATTLE WA
LHousehold:Office Supplies
^
D2/14'20
U-36.02
T-36.02
CX
PGyros Gyros Bowers
MDEBIT CARD DEBIT 02-14-2020
LFood:Dining Out
^
D2/14'20
U-6.30
T-6.30
CX
PSubway
MDEBIT CARD DEBIT 02-12-2020
LFood:Dining Out
^
D2/14'20
U-89.99
T-89.99
CX
PMidwestl Ca
MDEBIT CARD DEBIT 02-14-2020
LHousehold:Office Supplies
^
D2/15'20
U-208.33
T-208.33
CX
PFred Meyer
MPOS 0215 1308 235362 FRED-MEYER #0185 LONGVIEW WA
L--Split--
SHousehold:Furnishings
Egarment rack
$-74.99
SFood:Groceries
$-133.34
^
D2/15'20
U-64.95
T-64.95
CX
PGoodwill
MDEBIT CARD DEBIT 02-13-2020
L--Split--
SHousehold:Office Supplies
$-15.96
SClothing:Jonas
$-48.99
^
D2/15'20
U-46.00
T-46.00
CX
PRoss
MPOS 0215 1201 233587 ROSS STORES #792 LONGVIEW WA
LClothing:Jonas
^
D2/15'20
U-23.97
T-23.97
CX
PChevron
MPOS 0215 1108 232582 CHEVRON/WILSON O RAINIER OR
L--Split--
SCigarettes
$-7.30
SFood:Groceries
$-16.67
^
D2/15'20
U-5.18
T-5.18
CX
PDairy Queen
MDEBIT CARD DEBIT 02-14-2020
LFood:Dining Out
^
D2/16'20
U-69.89
T-69.89
CX
PSushi Sakura
MDEBIT CARD DEBIT 02-15-2020
LFood:Dining Out
^
D2/16'20
U-11.60
T-11.60
CX
PChevron
MPOS 0216 1858 258110 CHEVRON/WILSON O RAINIER OR
LCigarettes
^
D2/16'20
U-249.00
T-249.00
CX
PMetadot Corporation
Mdas keyboard
LTech:Office:Supplies
^
D2/17'20
U-77.05
T-77.05
CX
PAmazon
Mlogitech mouse
LTech:Office:Supplies
^
D2/17'20
U-76.95
T-76.95
CX
PMasthead Castawa Wa
MDEBIT CARD DEBIT 02-15-2020
LFood:Dining Out
^
D2/17'20
U-13.99
T-13.99
CX
PAmazon
Mpower cables
LTech:Office:Supplies
^
D2/18'20
U-784.11
T-784.11
CX
PWells Fargo Home Mortgage
M0043492016
L[Wells Fargo Home Mortgage]
^
D2/18'20
U-35.98
T-35.98
CX
PAmazon
Mdp cables
LTech:Office:Supplies
^
D2/19'20
U0.00
T0.00
CX
P**VOID**Chevron
LCigarettes
^
D2/19'20
U-27.98
T-27.98
CX
PAmazon
MPOS 0219 0434 297441 AMAZON.COM*AU7WL SEATTLE WA; cables
LHousehold:Office Supplies
^
D2/19'20
U-27.00
T-27.00
CX
PEarth N Sun
MDEBIT CARD DEBIT 02-16-2020;
LFood:Groceries
^
D2/21'20
U305.00
T305.00
CX
PDeposit
MDEPOSIT
LOther Income:Cash
^
D2/22'20
U-73.77
T-73.77
CX
PTst Hop N
MDEBIT CARD DEBIT 02-21-2020
LFood:Dining Out
^
D2/22'20
U-44.13
T-44.13
CX
PFred Meyer
MDEBIT CARD DEBIT 02-22-2020; g35 16.3
LAutomobile:Gasoline
^
D2/22'20
U-27.00
T-27.00
CX
PEarth N Sun
MPOS 0222 1219 362839 EARTH N SUN RAINIER OR; 5
LBills:Wood Fuel
^
D2/22'20
U-39.00
T-39.00
CX
PBlur Year Httpswww
MDEBIT CARD DEBIT 02-20-2020
LHousehold:Office Supplies
^
D2/23'20
U-25.96
T-25.96
CX
PGoodwill
MDEBIT CARD DEBIT 02-22-2020
LHousehold:Office Supplies
^
D2/23'20
U-9.47
T-9.47
CX
PGoodwill
MDEBIT CARD DEBIT 02-22-2020
LHousehold:Office Supplies
^
D2/23'20
U-7.98
T-7.98
CX
PGoodwill
MDEBIT CARD DEBIT 02-21-2020
LHousehold:Office Supplies
^
D2/25'20
U-22.92
T-22.92
CX
PChevron
MPOS 0225 1310 418462 CHEVRON/WILSON O RAINIER OR
L--Split--
SCigarettes
$-7.30
SFood:Groceries
$-15.62
^
D2/26'20
U-9.00
T-9.00
CX
PSubway
MDEBIT CARD DEBIT 02-24-2020
LFood:Dining Out
^
D2/26'20
U-7.30
T-7.30
CX
PChevron
MPOS 0226 1929 444557 CHEVRON/WILSON O RAINIER OR
LCigarettes
^
D2/27'20
U-27.00
T-27.00
CX
PEarth N Sun
MPOS 0227 1616 460521 EARTH N SUN RAINIER OR;5
LBills:Wood Fuel
^
D2/29'20
U0.59
T0.59
CX
NDIV
PSt. Helens Federal Credit Union
MDIVIDEND
LOther Income:Bank Dividend
^
D3/ 1'20
U-14.95
T-14.95
CX
PChegg
MDEBIT CARD DEBIT 02-29-2020
LEducation:Books
^
D3/ 2'20
U-11.80
T-11.80
CX
PChevron
MPOS 0302 1336 539915 CHEVRON/WILSON O RAINIER OR
L--Split--
SCigarettes
$-7.30
SFood:Dining Out
$-4.50
^
D3/ 4'20
U445.00
T445.00
CX
PDeposit
Mshalon's rent
LOther Income:Cash
^
D3/ 4'20
U-100.00
T-100.00
CX
PCapital One Online
MCAPITAL ONE ONLINE PMT200304
L[9550 CAP ONE QS]
^
D3/ 4'20
U-74.63
T-74.63
CX
PFred Meyer
MPOS 0304 1501 581001 FRED-MEYER #0185 LONGVIEW WA
LFood:Groceries
^
D3/ 4'20
U-27.16
T-27.16
CX
PChevron
MPOS 0304 1312 578784 CHEVRON/WILSON O RAINIER OR
L--Split--
SCigarettes
$-7.30
SFood:Dining Out
$-3.00
SFood:Groceries
$-16.86
^
D3/ 5'20
U-32.40
T-32.40
CX
PEarth N Sun
MPOS 0305 1413 599547 EARTH N SUN RAINIER OR;6
LBills:Wood Fuel
^
D3/ 5'20
U-13.06
T-13.06
CX
PGrocery Outlet
MPOS 0305 1728 603267 GROCERY OUTLET O RAINIER OR
LFood:Groceries
^
D3/ 6'20
U-38.31
T-38.31
CX
PChevron
MPOS 0306 1225 617781 CHEVRON/WILSON O RAINIER OR
L--Split--
SAutomobile:Gasoline
Eg35 4.6
$-15.51
SCigarettes
$-7.30
SFood:Dining Out
$-15.50
^
D3/ 6'20
U-9.00
T-9.00
CX
PSubway
MDEBIT CARD DEBIT 03-05-2020
LFood:Dining Out
^
D3/ 8'20
U-57.87
T-57.87
CX
PWalmart
MPOS 0308 1607 659085 Wal-Mart Super C LONGVIEW WA
LFood:Groceries
^
D3/ 8'20
U-4.27
T-4.27
CX
PGrocery Outlet
MPOS 0308 1628 659440 GROCERY OUTLET O RAINIER OR
LFood:Groceries
^
D3/ 9'20
U-10.30
T-10.30
CX
PChevron
MPOS 0309 1409 675956 CHEVRON/WILSON O RAINIER OR
L--Split--
SCigarettes
$-7.30
SFood:Dining Out
$-3.00
^
D3/10'20
U-28.59
T-28.59
CX
PTractor Supply
MPOS 0310 1408 694088 TRACTOR SUPPLY # KELSO WA; 5
LBills:Wood Fuel
^
D3/10'20
U-10.09
T-10.09
CX
PChevron
MPOS 0310 1347 693792 CHEVRON/WILSON O RAINIER OR
L--Split--
SCigarettes
$-7.30
SFood:Dining Out
$-2.79
^
D3/11'20
U1,952.00
T1,952.00
CX
NDEP
PSocial Security
LRetirement Income:Social Security Benefits
^
D3/11'20
U-17.81
T-17.81
CX
PWalmart
MPOS 0311 1552 714591 Wal-Mart Super C LONGVIEW WA
LFood:Groceries
^
D3/11'20
U-15.68
T-15.68
CX
PChevron
MPOS 0311 1513 713843 CHEVRON/WILSON O RAINIER OR
L--Split--
SCigarettes
$-7.30
SFood:Groceries
$-8.38
^
D3/12'20
U-206.01
T-206.01
CX
PCity Of Rainier
MDEBIT CARD DEBIT 03-11-2020
LBills:Water & Sewer
^
D3/13'20
U-794.84
T-794.84
CX
PWells Fargo Home Mortgage
MWF HOME MTG AUTO PAY 031120
L[Wells Fargo Home Mortgage]
^
D3/13'20
U-27.00
T-27.00
CX
PEarth N Sun
MPOS 0313 1605 754815 EARTH N SUN RAINIER OR; 5
LBills:Wood Fuel
^
D3/13'20
U-24.34
T-24.34
CX
PGrocery Outlet
MPOS 0313 1900 758369 GROCERY OUTLET O RAINIER OR
LFood:Groceries
^
D3/13'20
U-16.50
T-16.50
CX
PChevron
MPOS 0313 1345 751664 CHEVRON/WILSON O RAINIER OR
L--Split--
SCigarettes
$-7.30
SFood:Dining Out
$-9.20
^
D3/14'20
U-178.19
T-178.19
CX
NEFT
PClatskanie PUD
LBills:Electricity
^
D3/14'20
U-136.14
T-136.14
CX
PFred Meyer
MPOS 0314 1339 771347 FRED-MEYER #0462 SCAPPOOSE OR
LFood:Groceries
^
D3/14'20
U-40.96
T-40.96
CX
PFred Meyer
MDEBIT CARD DEBIT 03-14-2020; g35 13.5
LAutomobile:Gasoline
^
D3/15'20
U-113.95
T-113.95
CX
NEFT
PXfinity
MConfirmation number #2938435702
LBills:Online Services
^
D3/15'20
U-107.00
T-107.00
CX
PBoost Wireless
MDEBIT CARD DEBIT 03-15-2020
LBills:Cellular Phone
^
D3/15'20
U-7.30
T-7.30
CX
PChevron
MPOS 0315 1718 791024 CHEVRON/WILSON O RAINIER OR
LCigarettes
^
D3/15'20
U-5.98
T-5.98
CX
PGoodwill
MDEBIT CARD DEBIT 03-14-2020
LHousehold:Office Supplies
^
D3/16'20
U-7.30
T-7.30
CX
PChevron
MPOS 0316 1808 808808 CHEVRON/WILSON O RAINIER OR
LCigarettes
^
D3/17'20
U-58.71
T-58.71
CX
PWalmart
MPOS 0317 1400 821909 WM SUPERCENTER # LONGVIEW WA
LFood:Groceries
^
D3/17'20
U-31.35
T-31.35
CX
PGrocery Outlet
MPOS 0317 1441 822721 GROCERY OUTLET O RAINIER OR
L--Split--
SHousehold:Furnishings
$-5.39
SHousehold:Non-Food Grocery
$-25.96
^
D3/17'20
U-28.59
T-28.59
CX
PTractor Supply
MPOS 0317 1314 821141 TRACTOR SUPPLY # KELSO WA;5
LBills:Wood Fuel
^
D3/17'20
U-14.50
T-14.50
CX
PChevron
MPOS 0317 1253 820699 CHEVRON/WILSON O RAINIER OR
L--Split--
SCigarettes
$-7.30
SFood:Dining Out
$-7.20
^
D3/17'20
U-9.00
T-9.00
CX
PSubway
MDEBIT CARD DEBIT 03-15-2020
LFood:Dining Out
^
D3/18'20
U-12.60
T-12.60
CX
PDollar General
MPOS 0318 1807 843150 DOLLAR GENERAL # RAINIER OR
L--Split--
SCigarettes
$-7.20
SFood:Groceries
$-5.40
^
D3/19'20
U-17.01
T-17.01
CX
PGrocery Outlet
MPOS 0319 1741 859085 GROCERY OUTLET O RAINIER OR
LFood:Groceries
^
D3/20'20
U-40.00
T-40.00
CX
PTranstut Ca
MDEBIT CARD DEBIT 03-19-2020
LEducation:Books
^
D3/20'20
U-16.57
T-16.57
CX
PChevron
MPOS 0320 1851 878006 CHEVRON/WILSON O RAINIER OR
L--Split--
SCigarettes
$-7.30
SFood:Groceries
$-9.27
^
D3/21'20
U-17.59
T-17.59
CX
PChevron
MPOS 0321 1416 890043 CHEVRON/WILSON O RAINIER OR
L--Split--
SCigarettes
$-7.30
SFood:Groceries
$-6.20
SFood:Dining Out
$-4.09
^
D3/21'20
U-10.10
T-10.10
CX
PDollar General
MPOS 0321 1856 893737 DOLLAR GENERAL # RAINIER OR
LFood:Groceries
^
D3/29'20
U-14.95
T-14.95
CX
PChegg
MDEBIT CARD DEBIT 03-29-2020
LEducation:Books
^
D3/31'20
U0.41
T0.41
CX
NDIV
PDividend
MDIVIDEND
LOther Income:Bank Dividend
^
D4/ 2'20
U-15.00
T-15.00
CX
PChevron
MPOS 0402 1351 054651 CHEVRON/WILSON O RAINIER OR
L--Split--
SCigarettes
$-7.30
SFood:Groceries
$-7.70
^
D4/ 8'20
U1,952.00
T1,952.00
CX
NDEP
PSocial Security
LRetirement Income:Social Security Benefits
^
D4/ 8'20
U-74.00
T-74.00
CX
PHudson Garbage Services
LBills:Garbage & Recycle
^
D4/ 9'20
U-623.68
T-623.68
CX
POregon Mutual Insurance
LInsurance:Auto
^
D4/ 9'20
U-107.00
T-107.00
CX
PBoost Wireless
LBills:Cellular Phone
^
D4/ 9'20
U-100.00
T-100.00
CX
NTXFR
PCapital One Online
MCAPITAL ONE ONLINE PMT200408
L[9550 CAP ONE QS]
^
D4/ 9'20
U-16.22
T-16.22
CX
PKaiser Permanente
LHealthcare:Prescriptions
^
D4/ 9'20
U-7.20
T-7.20
CX
PDollar General
MPOS 0409 1638 165311 DOLLAR GENERAL # RAINIER OR
LCigarettes
^
D4/10'20
U-794.84
T-794.84
CX
PWells Fargo Home Mortgage
MWF HOME MTG AUTO PAY 040820
L[Wells Fargo Home Mortgage]
^
D4/10'20
U-19.25
T-19.25
CX
PDollar General
MPOS 0410 1703 183120 DOLLAR GENERAL # RAINIER OR
L--Split--
SCigarettes
$-7.20
SFood:Groceries
$-12.05
^
D4/10'20
U-11.25
T-11.25
CX
PDollar General
MPOS 0410 1944 185722 DOLLAR GENERAL # RAINIER OR
LFood:Groceries
^
D4/12'20
U-17.30
T-17.30
CX
PDollar General
MPOS 0412 1636 211774 DOLLAR GENERAL # RAINIER OR
L--Split--
SCigarettes
$-7.20
SFood:Groceries
$-10.10
^
D4/13'20
U1,700.00
T1,700.00
CX
PInternal Revenue Service
MIRS TREAS 310 TAX REF 041520; stimulus
LOther Income:Federal Tax Refund
^
D4/13'20
U-13.60
T-13.60
CX
PDollar General
MPOS 0413 1739 226009 DOLLAR GENERAL # RAINIER OR
L--Split--
SCigarettes
$-7.20
SFood:Groceries
$-6.40
^
D4/14'20
U-12.80
T-12.80
CX
PDollar General
MPOS 0414 1809 243395 DOLLAR GENERAL # RAINIER OR
L--Split--
SCigarettes
$-7.20
SFood:Groceries
$-5.60
^
D4/14'20
U-26.49
T-26.49
CX
PGrocery Outlet
MPOS 0413 1733 225919 GROCERY OUTLET O RAINIER OR
LFood:Groceries
^
D4/15'20
U-97.71
T-97.71
CX
PWalmart
MPOS 0415 1645 261125 WAL-MART #2469 LONGVIEW WA
LFood:Groceries
^
D4/16'20
U-396.99
T-396.99
CX
PAmazon
MLG 34WK650-W 34" UltraWide 21:9 IPS Monitor
LTech:Office:Supplies
^
D4/16'20
U-115.82
T-115.82
CX
PAmazon
MPOS 0416 2309 285299 AMAZON.COM*1W691 SEATTLE WA; cuber
LHousehold:Kitchen Supplies
^
D4/16'20
U-77.25
T-77.25
CX
PAmazon
Mpython books
LTech:Office:Books
^
D4/16'20
U-67.50
T-67.50
CX
PSp Stove Part
MDEBIT CARD DEBIT 04-15-2020; bbq auger motor
LHousehold:Kitchen Supplies
^
D4/16'20
U-44.40
T-44.40
CX
PAmazon
MmySQL book
LTech:Office:Books
^
D4/16'20
U-43.98
T-43.98
CX
PAmazon
Mdp cables
LTech:Office:Supplies
^
D4/16'20
U-19.70
T-19.70
CX
PChevron
MPOS 0416 1436 277670 CHEVRON/WILSON O RAINIER OR
L--Split--
SCigarettes
$-7.30
SFood:Groceries
$-12.40
^
D4/17'20
U-57.25
T-57.25
CX
PHometown Pizza
MDEBIT CARD DEBIT 04-15-2020
LFood:Dining Out
^
D4/17'20
U-47.96
T-47.96
CX
PGrocery Outlet
MPOS 0417 1436 296795 GROCERY OUTLET O RAINIER OR
LFood:Groceries
^
D4/17'20
U-18.04
T-18.04
CX
PAmazon
Mmath for non mathmaticians
LTech:Office:Books
^
D4/17'20
U-9.65
T-9.65
CX
PAmazon
MDEBIT CARD DEBIT 04-16-2020; cables
LHousehold:Office Supplies
^
D4/17'20
U-7.30
T-7.30
CX
PChevron
MPOS 0417 1424 296388 CHEVRON/WILSON O RAINIER OR
LCigarettes
^
D4/18'20
U-20.58
T-20.58
CX
PGrocery Outlet
MPOS 0418 1530 315495 GROCERY OUTLET O RAINIER OR
LFood:Groceries
^
D4/18'20
U-7.30
T-7.30
CX
PChevron
MPOS 0418 1534 315546 CHEVRON/WILSON O RAINIER OR
LCigarettes
^
D4/19'20
U-22.98
T-22.98
CX
PChevron
MPOS 0419 1713 331710 CHEVRON/WILSON O RAINIER OR
L--Split--
SCigarettes
$-7.30
SFood:Groceries
$-15.68
^
D4/20'20
U-150.85
T-150.85
CX
PWalmart
MPOS 0420 1136 341609 WAL-MART #2469 LONGVIEW WA
L--Split--
SHousehold:Office Supplies
Eepson ink
$-101.44
SFood:Groceries
$-49.41
^
D4/20'20
U-28.11
T-28.11
CX
PWoodstove Warehouse
MPOS 0420 1044 340641 WOODSTOVE WAREHO LONGVIEW WA; 5 bags
LBills:Wood Fuel
^
D4/20'20
U-14.00
T-14.00
CX
PDollar General
MPOS 0420 1712 347824 DOLLAR GENERAL # RAINIER OR
L--Split--
SCigarettes
$-7.20
SFood:Groceries
$-6.80
^
D4/20'20
U-10.59
T-10.59
CX
PGrocery Outlet
MPOS 0420 1709 347746 GROCERY OUTLET O RAINIER OR
LFood:Groceries
^
D4/22'20
U-46.00
T-46.00
CX
PUS Postal Service
MDEBIT CARD DEBIT 04-22-2020; po box renewal
LBills:Government Fees
^
D4/23'20
U-50.29
T-50.29
CX
PGrocery Outlet
MPOS 0423 1517 396890 GROCERY OUTLET O RAINIER OR
LFood:Groceries
^
D4/23'20
U-13.60
T-13.60
CX
PDollar General
MPOS 0423 1521 396968 DOLLAR GENERAL # RAINIER OR
L--Split--
SCigarettes
$-7.20
SFood:Groceries
$-6.40
^
D4/24'20
U-44.99
T-44.99
CX
PAmazon
MTkinter book
LTech:Office:Books
^
D4/24'20
U-14.88
T-14.88
CX
PAmazon
MPOS 0424 0820 406623 AMAZON.COM*4N8E0 SEATTLE WA; idle air senso
LAutomobile:Parts
^
D4/25'20
U14.88
T14.88
CX
PDeposit Amazon.Com Seattle
MPOS 0425 1253 429614 AMAZON.COM SEATTLE WA
LLeisure:Kitchen Education
^
D4/26'20
U-21.00
T-21.00
CX
PDollar General
MPOS 0426 0812 440738 DOLLAR GENERAL # RAINIER OR
L--Split--
SCigarettes
$-7.20
SFood:Groceries
$-6.40
SHousehold:Non-Food Grocery
$-7.40
^
D4/26'20
U-19.58
T-19.58
CX
PGrocery Outlet
MPOS 0426 1348 446154 GROCERY OUTLET O RAINIER OR
LFood:Groceries
^
D4/26'20
U-14.88
T-14.88
CX
PAmazon
MPOS 0426 0744 440609 AMAZON.COM*5I09J SEATTLE WA
LLeisure:Kitchen Education
^
D4/27'20
U-33.49
T-33.49
CX
PAmazon
Mmongo db book
LTech:Office:Books
^
D4/27'20
U-7.30
T-7.30
CX
PChevron
MPOS 0427 1742 465635 CHEVRON/WILSON O RAINIER OR
LCigarettes
^
D4/28'20
U-39.32
T-39.32
CX
PGrocery Outlet
MPOS 0428 1414 479392 GROCERY OUTLET O RAINIER OR
LFood:Groceries
^
D4/28'20
U-34.99
T-34.99
CX
PQuicken
MDEBIT CARD DEBIT 04-28-2020
LHousehold:Office Supplies
^
D4/28'20
U-13.60
T-13.60
CX
PDollar General
MPOS 0428 1418 479514 DOLLAR GENERAL # RAINIER OR
L--Split--
SFood:Groceries
$-6.40
SCigarettes
$-7.20
^
D4/29'20
U-14.95
T-14.95
CX
PChegg
MDEBIT CARD DEBIT 04-29-2020
LEducation:Books
^
D4/30'20
U0.72
T0.72
CX
NDIV
PSt. Helens Federal Credit Union
MDIVIDEND
LOther Income:Bank Dividend
^
D4/30'20
U-106.78
T-106.78
CX
PAmazon
Mmonitor arms
LTech:Office:Supplies
^
D5/ 1'20
U-7.30
T-7.30
CX
PChevron
MPOS 0430 2202 523908 CHEVRON/WILSON O RAINIER OR
LCigarettes
^
D5/ 2'20
U-19.70
T-19.70
CX
PChevron
MPOS 0502 1140 553456 CHEVRON/WILSON O RAINIER OR
LAutomobile:Gasoline
^
D5/ 2'20
U-14.47
T-14.47
CX
PChevron
MPOS 0502 1739 559508 CHEVRON/WILSON O RAINIER OR
LFood:Groceries
^
D5/ 4'20
U-47.02
T-47.02
CX
PPapa Murphy's
MDEBIT CARD DEBIT 05-03-2020
LFood:Dining Out
^
D5/ 4'20
U-15.89
T-15.89
CX
PChevron
MPOS 0205 1439 049508 CHEVRON/WILSON O RAINIER OR
L--Split--
S
$0.00
SCigarettes
$-7.30
SFood:Dining Out
$-8.59
^
D5/ 5'20
U0.00
T0.00
C*
P**VOID**Chevron
L--Split--
SFood:Groceries
$0.00
SCigarettes
$0.00
SFood:Dining Out:Convenience
$0.00
SAutomobile:Gasoline
Eg35 14.856g
$0.00
^
D5/ 5'20
U-7.20
T-7.20
CX
PDollar General
LCigarettes
^
D5/ 6'20
U500.00
T500.00
CX
PShalon Cade
LOther Income:Rent
^
D5/ 6'20
U-74.62
T-74.62
CX
PWalmart
MPOS 0506 1528 627358 WAL-MART #2469 LONGVIEW WA
LFood:Groceries
^
D5/ 6'20
U-14.50
T-14.50
CX
PChevron
L--Split--
SFood:Groceries
$-6.20
SCigarettes
$-7.30
SFood:Dining Out
$-1.00
^
D5/ 7'20
U-59.71
T-59.71
CX
PGrocery Outlet
MPOS 0413 1733 225919 GROCERY OUTLET O RAINIER OR
LFood:Groceries
^
D5/ 7'20
U-8.00
T-8.00
CX
PDollar General
LCigarettes
^
D5/ 8'20
U-100.00
T-100.00
CX
PCapital One Online
MCAPITAL ONE ONLINE PMT200507
L[9550 CAP ONE QS]
^
D5/ 8'20
U-13.50
T-13.50
CX
PChevron
L--Split--
SCigarettes
$-7.30
SFood:Groceries
$-6.20
^
D5/ 8'20
U-11.59
T-11.59
CX
PGrocery Outlet
MPOS 0413 1733 225919 GROCERY OUTLET O RAINIER OR
LFood:Groceries
^
D5/ 8'20
U-10.99
T-10.99
CX
PChevron
LFood:Groceries
^
D5/ 9'20
U-29.83
T-29.83
CX
PGrocery Outlet
MPOS 0413 1733 225919 GROCERY OUTLET O RAINIER OR
LFood:Groceries
^
D5/ 9'20
U-7.20
T-7.20
CX
PDollar General
LCigarettes
^
D5/10'20
U-63.31
T-63.31
CX
PGrocery Outlet
MPOS 0413 1733 225919 GROCERY OUTLET O RAINIER OR
LFood:Groceries
^
D5/10'20
U-13.60
T-13.60
CX
PDollar General
L--Split--
SCigarettes
$-7.20
SFood:Groceries
$-6.40
^
D5/10'20
U-12.64
T-12.64
CX
PRainier RV
LHousehold:Non-Food Grocery
^
D5/11'20
U-25.97
T-25.97
CX
PGrocery Outlet
MPOS 0413 1733 225919 GROCERY OUTLET O RAINIER OR
LFood:Groceries
^
D5/11'20
U-7.20
T-7.20
CX
PDollar General
LCigarettes
^
D5/12'20
U-13.29
T-13.29
CX
PGrocery Outlet
MPOS 0413 1733 225919 GROCERY OUTLET O RAINIER OR
LFood:Groceries
^
D5/12'20
U-13.19
T-13.19
CX
PWalmart
MPOS 0512 1454 734800 Wal-Mart Super C LONGVIEW WA
LFood:Groceries
^
D5/12'20
U-7.20
T-7.20
CX
PDollar General
LCigarettes
^
D5/13'20
U1,952.00
T1,952.00
CX
PSocial Security Deposit
MSSA TREAS 310 XXSOC SEC 051320
LRetirement Income:Social Security Benefits
^
D5/13'20
U-120.16
T-120.16
CX
PFred Meyer
Mepson ink
LFood:Groceries
^
D5/13'20
U-13.50
T-13.50
CX
PChevron
L--Split--
SCigarettes
$-7.30
SFood:Groceries
$-6.20
^
D5/14'20
U-50.29
T-50.29
CX
PWalmart
MPOS 0514 1439 769325 WAL-MART #2469 LONGVIEW WA
LHousehold:Non-Food Grocery
^
D5/14'20
U-11.46
T-11.46
CX
PWoodstove Warehouse
MPOS 0420 1044 340641 WOODSTOVE WAREHO LONGVIEW WA; 2 bags
LBills:Wood Fuel
^
D5/14'20
U-7.30
T-7.30
CX
PChevron
LCigarettes
^
D5/14'20
U-57.31
T-57.31
CX
PHudson Garbage Services
MConfirmation Code  094511
LBills:Garbage & Recycle
^
D5/14'20
U-210.32
T-210.32
CX
PCity Of Rainier
LBills:Water & Sewer
^
D5/14'20
U-317.06
T-317.06
CX
PClatskanie PUD
MDEBIT CARD DEBIT 05-14-2020
LBills:Electricity
^
D5/15'20
U-794.84
T-794.84
CX
PWells Fargo Home Mortgage
MWF HOME MTG AUTO PAY 051320
L[Wells Fargo Home Mortgage]
^
D5/15'20
U-107.00
T-107.00
CX
PBoost Wireless
MDEBIT CARD DEBIT 05-15-2020
LBills:Cellular Phone
^
D5/15'20
U-47.94
T-47.94
CX
PGrocery Outlet
MPOS 0515 1521 788900 GROCERY OUTLET O RAINIER OR
L--Split--
SFood:Groceries
$-28.01
SHome Improvement:Landscape & Gardening
Epotting soil
$-19.93
^
D5/15'20
U-7.30
T-7.30
CX
PChevron
MPOS 0515 1621 790143 CHEVRON/WILSON O RAINIER OR
LCigarettes
^
D5/16'20
U-30.48
T-30.48
CX
PChevron
MPOS 0516 1440 807210 CHEVRON/WILSON O RAINIER OR
L--Split--
SFood:Groceries
$-23.18
SCigarettes
$-7.30
^
D5/17'20
U-27.92
T-27.92
CX
PAmazon
Mnew phone case
LHousehold:Office Supplies
^
D5/17'20
U-7.20
T-7.20
CX
PDollar General
MPOS 0517 1830 826957 DOLLAR GENERAL # RAINIER OR
LCigarettes
^
D5/18'20
U-25.90
T-25.90
CX
PChevron
MPOS 0518 1001 834972 CHEVRON/WILSON O RAINIER OR
L--Split--
SFood:Dining Out
$-18.60
SCigarettes
$-7.30
^
D5/19'20
U-33.87
T-33.87
CX
PGrocery Outlet
MPOS 0519 1259 856019 GROCERY OUTLET O RAINIER OR
LFood:Groceries
^
D5/19'20
U-7.20
T-7.20
CX
PDollar General
MPOS 0519 1306 856142 DOLLAR GENERAL # RAINIER OR
LCigarettes
^
D5/19'20
U-3.98
T-3.98
CX
PGrocery Outlet
MPOS 0519 1722 860900 GROCERY OUTLET O RAINIER OR
LFood:Groceries
^
D5/20'20
U-27.81
T-27.81
CX
PWalmart
MPOS 0520 1206 873051 Wal-Mart Super C LONGVIEW WA
LFood:Groceries
^
D5/20'20
U-14.00
T-14.00
CX
PDollar General
MPOS 0520 1142 872657 DOLLAR GENERAL # RAINIER OR
L--Split--
SCigarettes
$-7.20
SFood:Groceries
$-6.80
^
D5/20'20
U-6.17
T-6.17
CX
PGrocery Outlet
MPOS 0520 1137 872561 GROCERY OUTLET O RAINIER OR
LFood:Groceries
^
D5/21'20
U-35.04
T-35.04
CX
PGrocery Outlet
MPOS 0521 1447 894523 GROCERY OUTLET O RAINIER OR
LFood:Groceries
^
D5/30'20
U-7.30
T-7.30
CX
PChevron
MPOS 0530 1402 055784 CHEVRON/WILSON O RAINIER OR
LCigarettes
^
D5/31'20
U0.23
T0.23
CX
NDIV
PSt. Helens Federal Credit Union
MDIVIDEND
LOther Income:Bank Dividend
^
D6/ 4'20
U5,000.00
T5,000.00
CX
PFrank Sharron
LOther Income:Gifts Received
^
D6/ 4'20
U-51.00
T-51.00
CX
PGrocery Outlet
MPOS 0604 1514 146592 GROCERY OUTLET O RAINIER OR
LFood:Groceries
^
D6/ 5'20
U-14.69
T-14.69
CX
PChevron
MPOS 0605 1112 161346 CHEVRON/WILSON O RAINIER OR
L--Split--
SCigarettes
$-8.79
SFood:Groceries
$-5.90
^
D6/ 5'20
U-9.59
T-9.59
CX
PGrocery Outlet
MPOS 0605 1625 168362 GROCERY OUTLET O RAINIER OR
LFood:Groceries
^
D6/ 6'20
U-497.44
T-497.44
CX
PCapital One Online
MCAPITAL ONE ONLINE PMT200606
L[9550 CAP ONE QS]
^
D6/ 6'20
U-446.90
T-446.90
CX
POregon Mutual Insurance
LInsurance:Auto
^
D6/ 6'20
U-1.49
T-1.49
CX
PGoogle Play
Mconversion calculator
LHousehold:Office Supplies
^
D6/ 7'20
U-589.99
T-589.99
CX
N47250708495
PHome Depot
MWA DOR
L--Split--
STaxes:Other:WA DOR Sales Tax
$-44.21
SHome Improvement:Landscape & Gardening/WA DOR
Egrill covers, hose parts
$-218.42
STech:Hobby:Tools/WA DOR
Eheat gun, wood burn
$-137.94
STech:Hobby:Supplies/WA DOR
E3d printer accessories
$-18.69
STech:IT:Tools/WA DOR
Estripper and toner
$-80.19
SHousehold:Non-Food Grocery/WA DOR
Elight bulbs and batteries
$-90.54
^
D6/ 7'20
U-241.99
T-241.99
CX
PAmazon
Mpressure washer
LHome Improvement:Landscape & Gardening
^
D6/ 7'20
U-189.99
T-189.99
CX
PAmazon
Mbarcode scanner
LTech:Office:Capital
^
D6/ 7'20
U-69.36
T-69.36
CX
PAmazon
Mbed side table
LHousehold:Furnishings
^
D6/ 7'20
U-51.99
T-51.99
CX
PAmazon
Mt100 paper
LHousehold:Office Supplies
^
D6/ 7'20
U-25.99
T-25.99
CX
PAmazon
Mt100 ink cartridges
LHousehold:Office Supplies
^
D6/ 7'20
U-13.50
T-13.50
CX
PChevron
MPOS 0607 1213 199722 CHEVRON/WILSON O RAINIER OR
L--Split--
SCigarettes
$-7.30
SFood:Groceries
$-6.20
^
D6/ 7'20
U-115.92
T-115.92
CX
N4575
PWalmart
MPOS 0607 1351 201341 Wal-Mart Super C LONGVIEW WA
L--Split--
STaxes:Other:WA DOR Sales Tax
$-2.21
STech:Hobby:Tools/WA DOR
Ewire brushes, hobby knife
$-17.34
SFood:Groceries/WA DOR
Ebeer
$-9.98
SFood:Groceries
$-86.39
^
D6/ 8'20
U-649.00
T-649.00
CX
PAmazon
MHP T100 printer
LTech:Office:Capital
^
D6/ 8'20
U-64.55
T-64.55
CX
N47251191865
PHome Depot
L--Split--
STaxes:Other:WA DOR Sales Tax
$-4.84
SHome Improvement:Landscape & Gardening/WA DOR
Etank sprayer, grass seed
$-39.95
SHousehold:Non-Food Grocery/WA DOR
Elight bulbs
$-19.76
^
D6/ 8'20
U-187.24
T-187.24
CX
N4704
PWalmart
MPOS 0608 1330 217356 WM SUPERCENTER # LONGVIEW WA
L--Split--
STaxes:Other:WA DOR Sales Tax
$-12.41
SHome Improvement:Landscape & Gardening/WA DOR
Eblower
$-114.00
SHousehold:Non-Food Grocery/WA DOR
Ekitchen supplies
$-39.21
SFood:Groceries
$-21.62
^
D6/ 9'20
U-372.85
T-372.85
CX
PVerizon Wireless
MDEBIT CARD DEBIT 06-09-2020
LBills:Cellular Phone
^
D6/ 9'20
U-26.39
T-26.39
CX
PChevron
MPOS 0609 1147 233440 CHEVRON/WILSON O RAINIER OR
L--Split--
SCigarettes
E1 pack for dave
$-13.99
SFood:Groceries
$-12.40
^
D6/ 9'20
U-21.17
T-21.17
CX
PGrocery Outlet
MPOS 0609 1438 236691 GROCERY OUTLET O RAINIER OR
LFood:Groceries
^
D6/ 9'20
U-8.89
T-8.89
CX
PChevron
MPOS 0609 2058 244019 CHEVRON/WILSON O RAINIER OR
LCigarettes
^
D6/ 9'20
U-7.00
T-7.00
CX
PEarth N Sun
Mbbq pellets
LHousehold:Non-Food Grocery
^
D6/10'20
U1,952.00
T1,952.00
CX
PSocial Security Deposit
MSSA TREAS 310 XXSOC SEC 061020
LRetirement Income:Social Security Benefits
^
D6/10'20
U-30.00
T-30.00
CX
PKaiser Permanente
LHealthcare:Prescriptions
^
D6/10'20
U-46.10
T-46.10
CX
N11124
PLowes
Moutdoor porch shade
L--Split--
STaxes:Other:WA DOR Sales Tax
$-3.45
SHome Improvement:Landscape & Gardening/WA DOR
Eoutdoor porch shade
$-42.65
^
D6/10'20
U-136.34
T-136.34
CX
N999999513
PFred Meyer
MPOS 0610 1342 254561 FRED-MEYER #0185 LONGVIEW WA
L--Split--
STaxes:Other:WA DOR Sales Tax
$-1.62
SHousehold:Non-Food Grocery/WA DOR
Eshout laundry
$-19.97
SFood:Groceries
$-114.75
^
D6/11'20
U-167.12
T-167.12
CX
PClatskanie PUD
MDEBIT CARD DEBIT 06-11-2020
LBills:Electricity
^
D6/11'20
U-48.88
T-48.88
CX
PGrocery Outlet
MPOS 0611 1639 276660 GROCERY OUTLET O RAINIER OR
LFood:Groceries
^
D6/12'20
U-202.91
T-202.91
CX
PCity Of Rainier
MDEBIT CARD DEBIT 06-11-2020
LBills:Water & Sewer
^
D6/12'20
U-30.00
T-30.00
CX
PKaiser Permanente
LHealthcare:Prescriptions
^
D6/12'20
U-13.99
T-13.99
CX
PChevron
MPOS 0612 1650 297511 CHEVRON/WILSON O RAINIER OR 1 pack for dave
LCigarettes
^
D6/12'20
U-12.22
T-12.22
CX
PAmazon
Mpressure washer turbo head
LHome Improvement:Landscape & Gardening
^
D6/12'20
U-9.98
T-9.98
CX
PGrocery Outlet
MPOS 0612 1818 299232 GROCERY OUTLET O RAINIER OR
LFood:Groceries
^
D6/12'20
U-92.45
T-92.45
CX
N6112
PWalmart
MPOS 0612 1550 295971 WM SUPERCENTER # LONGVIEW WA
L--Split--
STaxes:Other:WA DOR Sales Tax
$-5.82
SHousehold:Non-Food Grocery/WA DOR
Etp, wax paper
$-22.18
SHome Improvement:Landscape & Gardening/WA DOR
Erubber boots
$-22.48
SClothing:Shalon/WA DOR
$-15.80
SFood:Groceries/WA DOR
Ebeer
$-11.36
SFood:Groceries
$-14.81
^
D6/13'20
U-10.99
T-10.99
CX
PAmazon
MPOS 0625 0856 530447 AMAZON.COM*MS649 SEATTLE WA inventory label
LTech:Office:Supplies
^
D6/13'20
U-94.10
T-94.10
CX
N21454920
PFred Meyer
MPOS 0613 1421 313869 FRED-MEYER #0185 LONGVIEW WA
L--Split--
STaxes:Other:WA DOR Sales Tax
$-1.57
SHousehold:Non-Food Grocery/WA DOR
Espray bottles
$-3.38
SFood:Groceries/WA DOR
Ebeer
$-15.99
SFood:Groceries
$-73.16
^
D6/15'20
U-794.84
T-794.84
CX
PWells Fargo Home Mortgage
MWF HOME MTG AUTO PAY 061120
L[Wells Fargo Home Mortgage]
^
D6/15'20
U-283.25
T-283.25
CX
N47252080588
PHome Depot
L--Split--
STaxes:Other:WA DOR Sales Tax
$-21.22
SHome Improvement:Landscape & Gardening/WA DOR
Eweed eater, edger, hose parts
$-262.03
^
D6/15'20
U-28.10
T-28.10
CX
PWalmart
MPOS 0615 1243 345092 Wal-Mart Super C LONGVIEW WA
LFood:Groceries
^
D6/16'20
U-160.83
T-160.83
CX
N47250851907
PHome Depot
L--Split--
STaxes:Other:WA DOR Sales Tax
$-12.05
SHome Improvement:Landscape & Gardening/WA DOR
Ep-washer wand, gloves, surface cleaner
$-148.78
^
D6/16'20
U-25.90
T-25.90
CX
PChevron
MPOS 0616 1045 361562 CHEVRON/WILSON O RAINIER OR
L--Split--
SCigarettes
$-7.30
SFood:Groceries
$-18.60
^
D6/16'20
U-11.58
T-11.58
CX
PGrocery Outlet
MPOS 0616 1619 368513 GROCERY OUTLET O RAINIER OR
LFood:Groceries
^
D6/16'20
U-6.40
T-6.40
CX
PCapital One Online
MCAPITAL ONE ONLINE PMT200614
L[9550 CAP ONE QS]
^
D6/16'20
U-59.52
T-59.52
CX
N2511
PWalmart
MPOS 0616 1117 362222 Wal-Mart Super C LONGVIEW WA
L--Split--
STaxes:Other:WA DOR Sales Tax
$-2.01
SClothing:Iven/WA DOR
Ework jeans
$-24.86
SFood:Groceries
$-32.65
^
D6/17'20
U-20.28
T-20.28
CX
PChevron
MPOS 0617 1611 387435 CHEVRON/WILSON O RAINIER OR
L--Split--
SCigarettes
$-7.30
SFood:Groceries
$-12.98
^
D6/17'20
U-10.00
T-10.00
CX
PKaiser Permanente
LHealthcare:Prescriptions
^
D6/17'20
U-7.30
T-7.30
CX
PChevron
MPOS 0617 1024 380525 CHEVRON/WILSON O RAINIER OR
LCigarettes
^
D6/18'20
U-25.43
T-25.43
CX
PGrocery Outlet
MPOS 0618 1659 407265 GROCERY OUTLET O RAINIER OR
LFood:Groceries
^
D6/18'20
U-12.90
T-12.90
CX
PDollar General
MPOS 0618 1705 407412 DOLLAR GENERAL # RAINIER OR
L--Split--
SCigarettes
$-7.20
SFood:Groceries
$-5.70
^
D6/19'20
U-122.22
T-122.22
CX
PFred Meyer
MPOS 0619 1340 423553 FRED-MEYER #0185 LONGVIEW WA
LFood:Groceries
^
D6/19'20
U-13.99
T-13.99
CX
PChevron
MPOS 0619 1641 427285 CHEVRON/WILSON O RAINIER OR 1 pack for dave
LCigarettes
^
D6/19'20
U-7.30
T-7.30
CX
PChevron
MPOS 0619 1128 420663 CHEVRON/WILSON O RAINIER OR
LCigarettes
^
D6/20'20
U-28.68
T-28.68
CX
PFred Meyer
MPOS 0620 1632 446279 FRED-MEYER #0185 LONGVIEW WA
LFood:Groceries
^
D6/20'20
U-10.30
T-10.30
CX
PChevron
MPOS 0620 1416 443937 CHEVRON/WILSON O RAINIER OR
L--Split--
SFood:Dining Out
$-3.00
SCigarettes
$-7.30
^
D6/20'20
U-41.47
T-41.47
CX
N5195
PWalmart
MPOS 0620 1506 444803 WM SUPERCENTER # LONGVIEW WA
L--Split--
STaxes:Other:WA DOR Sales Tax
$-3.11
SHousehold:Non-Food Grocery/WA DOR
Epaper towels and cat food
$-38.36
^
D6/21'20
U-32.59
T-32.59
CX
PChevron
MPOS 0621 1120 458098 CHEVRON/WILSON O RAINIER OR
L--Split--
SFood:Groceries
$-18.60
SCigarettes
E1 pack for dave
$-13.99
^
D6/22'20
U-13.99
T-13.99
CX
PChevron
MPOS 0622 0939 473162 CHEVRON/WILSON O RAINIER OR 1 pack for dave
LCigarettes
^
D6/22'20
U-7.30
T-7.30
CX
PChevron
MPOS 0622 1723 482656 CHEVRON/WILSON O RAINIER OR
LCigarettes
^
D6/23'20
U-298.38
T-298.38
CX
PCDW DIR
MHP T100 printer stand
LTech:Office:Capital
^
D6/23'20
U-77.75
T-77.75
CX
PLuigis Pizza
Mdinner
LFood:Groceries
^
D6/23'20
U-14.60
T-14.60
CX
PChevron
MPOS 0623 1532 499447 CHEVRON/WILSON O RAINIER OR 1 pack for dave
LCigarettes
^
D6/23'20
U-60.09
T-60.09
CX
N6707
PWalmart
MPOS 0623 1601 499957 Wal-Mart Super C LONGVIEW WA
L--Split--
STaxes:Other:WA DOR Sales Tax
$-1.29
SFood:Groceries
Egroceries
$-42.86
SFood:Groceries/WA DOR
Egroceries
$-15.94
^
D6/24'20
U-34.53
T-34.53
CX
PGrocery Outlet
MPOS 0624 1637 520123 GROCERY OUTLET O RAINIER OR
LFood:Groceries
^
D6/24'20
U-15.37
T-15.37
CX
PDollar General
MPOS 0624 1646 520269 DOLLAR GENERAL # RAINIER OR
L--Split--
SCigarettes
$-7.27
SAutomobile:Accessories
$-8.10
^
D6/24'20
U-14.60
T-14.60
CX
PChevron
MPOS 0624 0924 511187 CHEVRON/WILSON O RAINIER OR 1 pack for dave
LCigarettes
^
D6/25'20
U415.82
T415.82
CX
PDeposit
MDEPOSIT
L--Split--
SOther Income:Cash
$390.00
SOther Income:Refund
EPrimera checks (2)
$25.82
^
D6/25'20
U44.10
T44.10
CX
PDeposit
Mmy change
LOther Income:Cash
^
D6/25'20
U-89.99
T-89.99
CX
PAmazon
Mbrother document scanner
LHousehold:Office Supplies
^
D6/25'20
U-7.30
T-7.30
CX
PChevron
MPOS 0625 1312 535715 CHEVRON/WILSON O RAINIER OR
LCigarettes
^
D6/25'20
U-126.00
T-126.00
CX
N11125
PFred Meyer
MPOS 0610 1342 254561 FRED-MEYER #0185 LONGVIEW WA
L--Split--
SHousehold:Non-Food Grocery/WA DOR
Etoilet paper, ant spray
$-16.98
SClothing:Jonas/WA DOR
$-21.94
STaxes:Other:WA DOR Sales Tax
$-3.15
SFood:Groceries
$-83.46
SCharitable Donations
Eround up
$-0.47
^
D6/26'20
U-10.37
T-10.37
CX
PChevron
MPOS 0626 1145 553295 CHEVRON/WILSON O RAINIER OR
L--Split--
SFood:Dining Out
$-3.00
SCigarettes
$-7.37
^
D6/27'20
U-50.01
T-50.01
CX
N47250884486
PHome Depot Longview
MPOS 0627 1412 578881 THE HOME DEPOT # LONGVIEW WA
L--Split--
SHome Improvement:Landscape & Gardening/WA DOR
Ehose, stump drill bit
$-46.26
STaxes:Other:WA DOR Sales Tax
$-3.75
^
D6/27'20
U-9.16
T-9.16
CX
PChevron
MPOS 0627 1122 575028 CHEVRON/WILSON O RAINIER OR
L--Split--
SFood:Dining Out
$-1.79
SCigarettes
$-7.37
^
D6/27'20
U-115.71
T-115.71
CX
N11125
PFred Meyer
MPOS 0610 1342 254561 FRED-MEYER #0185 LONGVIEW WA
L--Split--
STaxes:Other:WA DOR Sales Tax
$-7.23
SHousehold:Office Supplies/WA DOR
Ecalculator, earbuds
$-48.97
SFood:Groceries
$-19.27
SFood:Groceries/WA DOR
Ebeer for compost, cola for compost
$-5.26
SHousehold:Kitchen Supplies/WA DOR
Egriddle, zester
$-34.98
^
D6/28'20
U-8.00
T-8.00
CX
PDollar General
MPOS 0628 1534 597448 DOLLAR GENERAL # RAINIER OR
L--Split--
SCigarettes
$-7.27
SCharitable Donations
Eliteracy donation
$-0.73
^
D6/28'20
U-22.09
T-22.09
CX
N2802
POffice Depot
Mpens
L--Split--
SHousehold:Office Supplies/WA DOR
Epens
$-20.43
STaxes:Other:WA DOR Sales Tax
$-1.66
^
D6/29'20
U89.84
T89.84
CX
PCash
MShalon's change
LOther Income:Cash
^
D6/29'20
U-32.81
T-32.81
CX
PChevron
MPOS 0629 1257 611824 CHEVRON/WILSON O RAINIER OR
L--Split--
SCigarettes
E1 pack for Dave
$-14.21
SFood:Groceries
$-18.60
^
D6/30'20
U1.76
T1.76
CX
NDIV
PSt. Helens Federal Credit Union
MDIVIDEND
LOther Income:Bank Dividend
^
D6/30'20
U-10.56
T-10.56
CX
PChevron
MPOS 0630 1147 629628 CHEVRON/WILSON O RAINIER OR
L--Split--
SFood:Dining Out
$-3.19
SCigarettes
$-7.37
^
D7/ 1'20
U-36.53
T-36.53
CX
PFred Meyer
MG35 16.464g
LAutomobile:Gasoline
^
D7/ 1'20
U-10.56
T-10.56
CX
PChevron
MDEBIT CARD DEBIT 07-01-2020
L--Split--
SFood:Dining Out:Convenience
$-3.19
SCigarettes
$-7.37
^
D7/ 1'20
U-72.01
T-72.01
CX
N999999510
PFred Meyer
MPOS 0701 1526 654960 FRED-MEYER #0185 LONGVIEW WA
L--Split--
SHousehold:Non-Food Grocery/WA DOR
Ehair gel, tooth paste, shamp/cond
$-26.96
SFood:Groceries
$-42.87
STaxes:Other:WA DOR Sales Tax
$-2.18
^
D7/ 2'20
U-8.00
T-8.00
CX
PDollar General
MPOS 0702 1830 681813 DOLLAR GENERAL # RAINIER OR
L--Split--
SCigarettes
$-7.27
SCharitable Donations
Eliteracy
$-0.73
^
D7/ 2'20
U-7.37
T-7.37
CX
PChevron
MDEBIT CARD DEBIT 07-02-2020
LCigarettes
^
D7/ 3'20
U500.00
T500.00
CX
PShalon Cade
LOther Income:Rent
^
D7/ 3'20
U-2.99
T-2.99
CX
PBumble
Mphone app?
LHousehold:Office Supplies
^
D7/ 3'20
U-15.98
T-15.98
CX
PGrocery Outlet
MPOS 0703 1501 699804 GROCERY OUTLET O RAINIER OR
LFood:Groceries
^
D7/ 3'20
U-34.00
T-34.00
CX
PDollar General
MPOS 0703 1505 699883 DOLLAR GENERAL # RAINIER OR
L--Split--
SFood:Groceries
$-11.65
SCigarettes
$-21.81
SCharitable Donations
Eliteracy
$-0.54
^
D7/ 3'20
U-8.00
T-8.00
CX
PDollar General
MPOS 0703 1743 703076 DOLLAR GENERAL # RAINIER OR
L--Split--
SCigarettes
$-7.27
SCharitable Donations
Eliteracy
$-0.73
^
D7/ 4'20
U-11.49
T-11.49
CX
PGARIBALDI DELI
MDEBIT CARD DEBIT 07-04-2020
LFood:Dining Out
^
D7/ 4'20
U-10.81
T-10.81
CX
PFred Meyer
MPOS 0704 0829 711644 FRED-MEYER #0185 LONGVIEW WA
LHousehold:Non-Food Grocery
^
D7/ 5'20
U-28.73
T-28.73
CX
PPOS 0705 1331 730937 GARIBALDI BAY MA GARIBALDI OR
MPOS 0705 1331 730937 GARIBALDI BAY MA GARIBALDI OR
LFood:Groceries
^
D7/ 6'20
U-48.14
T-48.14
CX
PPOS 0706 1707 751370 GARIBALDI BAY MA GARIBALDI OR
MPOS 0706 1707 751370 GARIBALDI BAY MA GARIBALDI OR
LFood:Groceries
^
D7/ 6'20
U-21.85
T-21.85
CX
PCHEVRON/GARIBALD
MDEBIT CARD DEBIT 07-06-2020
LFood:Dining Out
^
D7/ 7'20
U-37.87
T-37.87
CX
PBARVIEW JETTY ST ROCKAWAY BEACOR
MDEBIT CARD DEBIT 07-05-2020
LFood:Groceries
^
D7/ 7'20
U-21.85
T-21.85
CX
PChevron
Mgaribaldi
LFood:Dining Out:Convenience
^
D7/ 7'20
U-7.37
T-7.37
CX
PChevron
MDEBIT CARD DEBIT 07-07-2020
LCigarettes
^
D7/ 7'20
U-334.76
T-334.76
CX
N276
PSmart Foodservice
MPOS 0707 1523 769204 SMART FOODSERVIC KELSO WA
L--Split--
SFood:Groceries/WA DOR
Emonster
$-34.99
SHousehold:Kitchen Supplies/WA DOR
Edeli containers
$-19.05
SHousehold:Non-Food Grocery/WA DOR
Eanti bacterial soap
$-8.89
SFood:Groceries
$-266.73
STaxes:Other:WA DOR Sales Tax
$-5.10
^
D7/ 8'20
U1,952.00
T1,952.00
CX
PSocial Security Deposit
MSSA TREAS 310 XXSOC SEC 070820
LRetirement Income:Social Security Benefits
^
D7/ 8'20
U-12.75
T-12.75
CX
PGrocery Outlet
MPOS 0708 1823 791069 GROCERY OUTLET O RAINIER OR
LFood:Groceries
^
D7/ 8'20
U-7.27
T-7.27
CX
PDollar General
MPOS 0708 1308 785365 DOLLAR GENERAL # RAINIER OR
LCigarettes
^
D7/ 8'20
U-46.84
T-46.84
CX
PChevron
Mg35 16.048g
LAutomobile:Gasoline
^
D7/ 9'20
U-260.43
T-260.43
CX
PVerizon Wireless
MDEBIT CARD DEBIT 06-09-2020
LBills:Cellular Phone
^
D7/ 9'20
U-22.91
T-22.91
CX
PGrocery Outlet
MPOS 0624 1637 520123 GROCERY OUTLET O RAINIER OR
LFood:Groceries
^
D7/ 9'20
U-18.99
T-18.99
CX
PAmazon
Mwallet
LClothing:Jonas
^
D7/ 9'20
U-2.99
T-2.99
CX
PGoogle Play
Mphone app?
LHousehold:Office Supplies
^
D7/ 9'20
U-14.75
T-14.75
CX
PDollar General
MPOS 0709 1805 809626 DOLLAR GENERAL # RAINIER OR
LFood:Groceries
^
D7/ 9'20
U-14.57
T-14.57
CX
PChevron
MDEBIT CARD DEBIT 07-09-2020
L--Split--
SFood:Dining Out:Convenience
$-7.20
SCigarettes
$-7.37
^
D7/ 9'20
U-7.37
T-7.37
CX
PChevron
MDEBIT CARD DEBIT 07-09-2020
LCigarettes
^
D7/10'20
U-794.84
T-794.84
CX
PWells Fargo Home Mortgage
L[Wells Fargo Home Mortgage]
^
D7/10'20
U-7.27
T-7.27
CX
PDollar General
MPOS 0710 1438 826861 DOLLAR GENERAL # RAINIER OR
LCigarettes
^
D7/10'20
U-203.00
T-203.00
CX
N2569885
PFred Meyer
L--Split--
SHome Improvement:Landscape & Gardening/WA DOR
Egas can, ween n feed, grass seed, 30 sec
$-90.95
SAutomobile:Accessories/WA DOR
Ecar wash
$-4.99
SHousehold:Kitchen Supplies/WA DOR
Esalt jars
$-13.98
SFood:Groceries/WA DOR
Eflavored water
$-8.97
SCharitable Donations
EROUND UP
$-0.71
SFood:Groceries
$-67.29
STaxes:Other:WA DOR Sales Tax
$-10.12
SHousehold:Non-Food Grocery/WA DOR
Eshampoo
$-5.99
^
D7/11'20
U-13.00
T-13.00
CX
PDollar General
MPOS 0711 1124 843452 DOLLAR GENERAL # RAINIER OR
L--Split--
SAutomobile:Parts
Ekey fob battery
$-5.00
SCigarettes
$-7.27
SCharitable Donations
Eliteracy
$-0.73
^
D7/11'20
U-7.27
T-7.27
CX
PDollar General
MPOS 0711 1831 851668 DOLLAR GENERAL # RAINIER OR
LCigarettes
^
D7/12'20
U-47.13
T-47.13
CX
PGrocery Outlet
MPOS 0712 1159 861098 GROCERY OUTLET O RAINIER OR
LFood:Groceries
^
D7/12'20
U-19.00
T-19.00
CX
PDollar General
MPOS 0712 1212 861289 DOLLAR GENERAL # RAINIER OR
L--Split--
SFood:Groceries
$-1.00
SHome Improvement:Landscape & Gardening
Emeasuring cups/spoon
$-8.40
SHousehold:Kitchen Supplies
Efunnels
$-1.75
SCigarettes
$-7.27
SCharitable Donations
Eliteracy
$-0.58
^
D7/12'20
U-7.37
T-7.37
CX
PChevron
MDEBIT CARD DEBIT 07-12-2020
LCigarettes
^
D7/12'20
U-5.70
T-5.70
CX
PChevron
MDEBIT CARD DEBIT 07-12-2020
LFood:Dining Out:Convenience
^
D7/13'20
U-15.76
T-15.76
CX
PChevron
MDEBIT CARD DEBIT 07-13-2020
L--Split--
SFood:Dining Out:Convenience
$-8.39
SCigarettes
$-7.37
^
D7/14'20
U-43.34
T-43.34
CX
PKURA SUSHI
MDEBIT CARD DEBIT 07-13-2020
LFood:Dining Out
^
D7/14'20
U-17.27
T-17.27
CX
PDollar General
MPOS 0714 1204 897204 DOLLAR GENERAL # RAINIER OR
L--Split--
SFood:Groceries
$-10.00
SCigarettes
$-7.27
^
D7/14'20
U-7.88
T-7.88
CX
PChevron
MDEBIT CARD DEBIT 07-14-2020
LFood:Dining Out:Convenience
^
D7/14'20
U-75.55
T-75.55
CX
N1325
PKFC
L--Split--
SFood:Dining Out/WA DOR
$-48.99
STaxes:Other:WA DOR Sales Tax
$-3.97
SFood:Dining Out
Edoordash fee
$-22.59
^
D7/15'20
U850.00
T850.00
CX
PInternal Revenue Service
L--Split--
SOther Income:Federal Tax Refund
$1,000.00
SHousehold:Office Supplies
Eturbo tax
$-150.00
^
D7/15'20
U-24.74
T-24.74
CX
PGrocery Outlet
MPOS 0715 1529 921499 GROCERY OUTLET O RAINIER OR
LFood:Groceries
^
D7/15'20
U-11.77
T-11.77
CX
PDollar General
MPOS 0715 1537 921637 DOLLAR GENERAL # RAINIER OR
L--Split--
SFood:Groceries
$-4.50
SCigarettes
$-7.27
^
D7/15'20
U-16.96
T-16.96
CX
PChevron
MDEBIT CARD DEBIT 07-15-2020
L--Split--
SFood:Groceries
$-2.75
SCigarettes
$-14.21
^
D7/15'20
U-116.88
T-116.88
CX
PClatskanie PUD
LBills:Electricity
^
D7/15'20
U-222.13
T-222.13
CX
PCity Of Rainier
LBills:Water & Sewer
^
D7/16'20
U100.00
T100.00
CX
PDeposit
MDEPOSIT
LOther Income:Cash
^
D7/16'20
U-29.48
T-29.48
CX
PChevron
MDEBIT CARD DEBIT 07-16-2020
LCigarettes
^
D7/16'20
U-22.87
T-22.87
CX
PFred Meyer
MG35 8.349
LAutomobile:Gasoline
^
D7/16'20
U-55.49
T-55.49
CX
PHudson Garbage
LBills:Garbage & Recycle
^
D7/16'20
U-5.99
T-5.99
CX
PGoogle Play
Mphone app?
LHousehold:Office Supplies
^
D7/16'20
U-176.05
T-176.05
CX
N2001
PWalmart
LFood:Groceries
^
D7/16'20
U-51.88
T-51.88
CX
N8624
PKaiser Permanente
MDEBIT CARD DEBIT 07-16-2020
L--Split--
SHealthcare:Prescriptions/WA DOR
$-47.99
STaxes:Other:WA DOR Sales Tax
$-3.89
^
D7/16'20
U-68.20
T-68.20
CX
N999999502
PFred Meyer
MPOS 0716 1338 938917 FRED-MEYER #0185 LONGVIEW WA
L--Split--
SFood:Groceries
$-32.80
SFood:Groceries:Alcohol/WA DOR
Ebeer
$-15.99
SAutomobile:Maintance/WA DOR
Ewax and air fresh
$-13.77
SHousehold:Office Supplies/WA DOR
Eexpanding folder
$-2.99
STaxes:Other:WA DOR Sales Tax
$-2.65
^
D7/17'20
U-7.68
T-7.68
CX
PShell
MDEBIT CARD DEBIT 07-17-2020
LFood:Groceries:Alcohol
^
D7/17'20
U-11.35
T-11.35
CX
PChevron
MDEBIT CARD DEBIT 07-17-2020
L--Split--
SFood:Groceries
$-3.98
SCigarettes
$-7.37
^
D7/17'20
U-3.98
T-3.98
CX
PChevron
MDEBIT CARD DEBIT 07-17-2020
LFood:Groceries
^
D7/17'20
U-10.00
T-10.00
CX
PKaiser Permanente
MDEBIT CARD DEBIT 07-16-2020
LHealthcare:Prescriptions
^
D7/18'20
U-22.04
T-22.04
CX
PCenter Market
LFood:Groceries:Alcohol
^
D7/19'20
U-1.99
T-1.99
CX
PAmazon
Mparasite
LLeisure:Movies & Video Rentals
^
D7/20'20
U-39.53
T-39.53
CX
PFred Meyer
MPOS 0720 1705 019767 FRED-MEYER #0377 TILLAMOOK OR
LFood:Groceries
^
D7/20'20
U-11.14
T-11.14
CX
PShell
MDEBIT CARD DEBIT 07-17-2020
L--Split--
SFood:Dining Out
$-4.28
SCigarettes
$-6.86
^
D7/20'20
U-8.98
T-8.98
CX
PGaribaldi Deli Mart
MDEBIT CARD DEBIT 09-28-2020
LFood:Dining Out
^
D7/20'20
U-9.43
T-9.43
CX
PShell
MDEBIT CARD DEBIT 07-17-2020
LFood:Groceries:Alcohol
^
D7/20'20
U-24.72
T-24.72
CX
PSafeway
MDEBIT CARD DEBIT 07-24-2020
LFood:Groceries:Alcohol
^
D7/20'20
U-24.72
T-24.72
PChevron
MDEBIT CARD DEBIT 08-02-2020
L--Split--
SCigarettes
$-7.37
SFood:Dining Out:Convenience
$-17.35
^
D7/21'20
U-50.93
T-50.93
CX
PBarview Jetty St Rockaway Beacor
MDEBIT CARD DEBIT 07-20-2020
LFood:Groceries
^
D7/21'20
U-18.68
T-18.68
CX
PBarview Jetty St Rockaway Beacor
MDEBIT CARD DEBIT 07-21-2020 antifreeze
LAutomobile:Parts
^
D7/21'20
U-1.89
T-1.89
CX
PBarview Jetty St Rockaway Beacor
MDEBIT CARD DEBIT 07-21-2020 funnels
LAutomobile:Parts
^
D7/22'20
U-17.26
T-17.26
CX
PGARIBALDI DELI
MDEBIT CARD DEBIT 07-22-2020
LFood:Dining Out
^
D7/23'20
U-38.21
T-38.21
CX
PFred Meyer
MG35 14.053
LAutomobile:Gasoline
^
D7/23'20
U-11.59
T-11.59
CX
PChevron
MDEBIT CARD DEBIT 07-23-2020
LFood:Groceries:Alcohol
^
D7/23'20
U-21.03
T-21.03
CX
PGARIBALDI DELI
MDEBIT CARD DEBIT 07-23-2020
LFood:Dining Out
^
D7/23'20
U-7.38
T-7.38
CX
PBarview Jetty St Rockaway Beacor
MDEBIT CARD DEBIT 07-23-2020
LFood:Groceries
^
D7/23'20
U-5.49
T-5.49
CX
PSafeway
MDEBIT CARD DEBIT 07-24-2020
LFood:Groceries
^
D7/24'20
U-10.54
T-10.54
CX
PSafeway
MDEBIT CARD DEBIT 07-24-2020
LHealthcare:Prescriptions:Prescriptions - Bree
^
D7/24'20
U-18.66
T-18.66
CX
PChevron
MDEBIT CARD DEBIT 07-24-2020
L--Split--
SFood:Dining Out:Convenience
$-11.29
SCigarettes
$-7.37
^
D7/24'20
U-18.69
T-18.69
CX
PSchwietert's
MDEBIT CARD DEBIT 07-22-2020
LFood:Groceries
^
D7/26'20
U-18.84
T-18.84
CX
PChevron
MDEBIT CARD DEBIT 07-26-2020
LFood:Dining Out:Convenience
^
D7/26'20
U-36.17
T-36.17
CX
PChevron
MDEBIT CARD DEBIT 07-26-2020
L--Split--
SFood:Dining Out:Convenience
$-21.96
SCigarettes
$-14.21
^
D7/26'20
U-5.99
T-5.99
CX
PGoogle Play
Mphone app?
LHousehold:Office Supplies
^
D7/30'20
U592.56
T592.56
CX
PDeposit
MDEPOSIT
LOther Income:Cash
^
D7/30'20
U-33.20
T-33.20
CX
POR Liquor Store Rainier
MDEBIT CARD DEBIT 07-30-2020
LFood:Groceries:Alcohol
^
D7/30'20
U-3.99
T-3.99
CX
PAmazon
LLeisure:Movies & Video Rentals
^
D7/30'20
U-97.67
T-97.67
CX
PMotel 6 Lincoln City
LVacation:Lodging
^
D7/30'20
U-96.61
T-96.61
CX
N1369
PWalmart
L--Split--
SFood:Groceries
$-11.76
SGifts:Misc./WA DOR
Ebree's phone access
$-29.64
SBills:Cellular Phone/WA DOR
Ebree's phone
$-651.96
STaxes:Other:WA DOR Sales Tax
$-55.21
SBills:Cellular Phone
Eamount financed bree phone
$651.96
^
D7/31'20
U0.50
T0.50
CX
NDIV
PSt. Helens Federal Credit Union
MDIVIDEND
LOther Income:Bank Dividend
^
D8/ 1'20
U-18.17
T-18.17
CX
PBarview Jetty St Rockaway Beacor
MDEBIT CARD DEBIT 07-30-2020
LFood:Groceries
^
D8/ 1'20
U-38.20
T-38.20
CX
PFred Meyer
MG35 13.407
LAutomobile:Gasoline
^
D8/ 1'20
U-16.76
T-16.76
CX
PChevron
MDEBIT CARD DEBIT 08-02-2020
LFood:Dining Out:Convenience
^
D8/ 1'20
U-15.99
T-15.99
CX
PNetflix
LLeisure:Movies & Video Rentals
^
D8/ 2'20
U-25.21
T-25.21
CX
N47256149975
PHome Depot
MDEBIT CARD DEBIT 08-02-2020
L--Split--
SHousehold:Non-Food Grocery/WA DOR
$-23.32
STaxes:Other:WA DOR Sales Tax
$-1.89
^
D8/ 2'20
U-4.39
T-4.39
CX
PChevron
MDEBIT CARD DEBIT 08-02-2020
LFood:Dining Out:Convenience
^
D8/ 2'20
U-12.16
T-12.16
CX
PChevron
MDEBIT CARD DEBIT 08-02-2020
L--Split--
SFood:Dining Out:Convenience
$-4.79
SCigarettes
$-7.37
^
D8/ 2'20
U-19.99
T-19.99
CX
PGoogle Play
Mphone app?
LHousehold:Office Supplies
^
D8/ 3'20
U-19.81
T-19.81
CX
PChevron
MDEBIT CARD DEBIT 08-03-2020
L--Split--
SFood:Dining Out:Convenience
$-5.07
SCigarettes
$-14.74
^
D8/ 3'20
U-26.20
T-26.20
CX
PChevron
MDEBIT CARD DEBIT 08-03-2020
LFood:Dining Out:Convenience
^
D8/ 4'20
U-33.00
T-33.00
CX
PBeaver Firearms Grocery
MPOS 0804 1200 301303 BEAVER FIREARMS CLOVERDALE OR
LClothing:Bree
^
D8/ 4'20
U-8.17
T-8.17
CX
PJoanne
MDEBIT CARD DEBIT 08-04-2020
LHousehold:Non-Food Grocery
^
D8/ 4'20
U-3.24
T-3.24
CX
PChesters Market Pacific City
MPOS 0804 1118 300320 CHESTER S MARKET CLOVERDALE OR
LFood:Groceries
^
D8/ 4'20
U-41.18
T-41.18
CX
PFred Meyer
MG35 14.766
LAutomobile:Gasoline
^
D8/ 8'20
U-51.90
T-51.90
CX
POR Liquor Store
LFood:Groceries:Alcohol
^
D8/10'20
U-22.36
T-22.36
CX
PCenter Market
LFood:Groceries:Alcohol
^
D8/11'20
U-2.99
T-2.99
CX
PAmazon
LLeisure:Movies & Video Rentals
^
D8/12'20
U1,952.00
T1,952.00
CX
PSocial Security Deposit
MSSA TREAS 310 XXSOC SEC 081220
LRetirement Income:Social Security Benefits
^
D8/12'20
U-13.25
T-13.25
CX
PChevron
MDEBIT CARD DEBIT 08-12-2020
L--Split--
SFood:Dining Out:Convenience
$-5.88
SCigarettes
$-7.37
^
D8/12'20
U-35.06
T-35.06
CX
PFred Meyer
MG35 12.392
LAutomobile:Gasoline
^
D8/12'20
U-62.51
T-62.51
CX
PGaribaldi Food Basket
MPOS 0812 2008 463232 GARIBALDI BAY MA GARIBALDI OR
L--Split--
SFood:Groceries
$-27.74
SFood:Groceries:Alcohol
$-12.89
SHousehold:Non-Food Grocery
$-21.88
^
D8/12'20
U-24.95
T-24.95
CX
POR Liquor Store
LFood:Groceries:Alcohol
^
D8/12'20
U-104.66
T-104.66
CX
PWalmart
L--Split--
SFood:Groceries
$-6.24
SHousehold:Non-Food Grocery
Esupplies for nellie
